2356 4110
159 319 204 379 40
472 326 818 376 muranoafflosnou

160 473 226 536 Etsi
241 497 300 537 non
314 475 450 553 hominis,
467 499 554 561 quem
571 499 630 539 non
644 492 743 539 tamen
758 476 847 538 edere
862 476 957 559 possit

159 571 287 650 Cervus,
302 573 407 636 habet:
431 575 602 658 moestisque
617 574 712 657 replet
722 573 795 658 juga
809 588 879 636 nota
894 574 1040 658 querelis:

159 668 201 732 Et
216 671 339 753 genibus
353 672 482 754 supplex
496 673 605 755 proniS,
620 672 778 754 similisque
794 674 917 754 roganti,
1076 676 1138 736 150
1161 695 1167 705 ·

159 768 340 832 Circumfert
354 771 467 847 tacitos,
482 778 688 854 tanquam'sua
707 770 837 846 brachia,
852 770 962 832 vultus.

158 868 202 928 At
215 868 339 930 comites
353 869 487 951 rapidum
503 868 592 929 solitis
607 868 769 929 hortatibus
784 889 890 948 agmen

158 962 254 1046 Ignari
269 965 419 1046 instigant,
431 965 582 1049 oculisque
596 964 740 1026 Actaeona
755 978 907 1048 quarunt,

159 1062 201 1126 Et
218 1065 297 1126 velut
312 1065 464 1127 absentem
478 1063 612 1126 certatim
628 1061 771 1125 Actaeona
784 1063 923 1125 clamant.

158 1161 209 1223 Ad
224 1183 332 1224 nomen
347 1176 437 1245 caput
452 1161 500 1223 ille
515 1158 620 1222 refert:
644 1172 677 1220 ut
690 1160 793 1221 abesse
813 1172 984 1243 queruntur,
1074 1163 1134 1223 155

157 1257 188 1320 N
190 1281 225 1320 ec
239 1280 347 1342 capere
362 1259 466 1320 oblatae
481 1279 603 1338 segnem
617 1257 787 1339 spectacula
802 1258 917 1340 praedae.

159 1354 259 1417 Vellet
275 1357 377 1418 abesse
392 1355 531 1438 quidem3
553 1353 605 1416 sed
620 1354 720 1416 adest:
743 1355 892 1438 velletque
907 1355 1021 1433 videre,

157 1450 187 1513 N
189 1474 227 1512 on
243 1453 332 1514 etiam
346 1452 465 1529 sentire,
480 1473 588 1514 canum
603 1450 664 1513 sera
678 1450 755 1514 lacta
769 1473 898 1513 suorum.

156 1546 300 1633 Undique
312 1551 517 1613 circumstant:
540 1549 701 1632 mersisque
716 1549 746 1611 in
760 1571 884 1632 corpore
898 1551 997 1614 rostris

157 1645 329 1710 Dilacerant
343 1647 407 1711 falsi
422 1648 573 1710 dominum
587 1647 642 1710 sub
657 1647 782 1728 imagine
797 1648 887 1709 cervi.
1072 1651 1141 1730 160,

374 1901 488 1941 NAUTAE
511 1901 546 1941 IN
568 1900 754 1942 Dnnrmn'os
777 1901 911 1942 usnam.

584 2084 614 2124 v.
630 2066 703 2124 577.

156 2229 294 2313 Adspicit
308 2231 388 2292 bunc
402 2230 494 2293 oculis
508 2230 673 2309 Pentheus,
690 2254 764 2316 quos
779 2253 821 2295 rra
836 2234 1005 2298 tremendos

156 2326 301 2390 Fecerat:
326 2342 365 2406 et,
382 2350 549 2412 quanquam
566 2352 660 2413 poenae
675 2330 726 2392 vix
741 2322 876 2414 tempora
889 2331 996 2410 differt,

156 2424 204 2487 ‘O
219 2427 358 2509 periture,
373 2426 483 2510 tuaque
499 2427 561 2490 aliis
576 2428 754 2490 documenta
772 2429 874 2490 dature

155 2520 277 2600 Morte,'
293 2524 343 2600 ait,
360 2524 434 2585 ‘ede
449 2538 534 2587 tuum
548 2547 668 2602 nomen,
683 2547 851 2608 nomenque
867 2525 1034 2610 parentrim,
1109 2513 1112 2519 ⁵

155 2618 197 2681 Et
212 2620 354 2703 patriam3
376 2622 522 2705 morisque
538 2623 607 2685 novi
620 2645 674 2685 cur
687 2644 768 2685 sacra
789 2622 969 2707 frequentes.
1068 2625 1133 2687 165

154 2717 209 2780 Ille
224 2733 304 2781 metu
321 2740 442 2797 vacuus,
458 2719 596 2782 ‘Nomen
610 2720 702 2797 mihi,’
719 2721 803 2797 dixit,
819 2721 982 2799 ‘Acoetes3

154 2816 265 2894 Patria,
280 2816 409 2880 Maeonia
424 2831 484 2881 est:
508 2819 613 2881 humili
628 2819 665 2881 de
681 2819 768 2902 plebe
783 2832 930 2901 parentes.

155 2912 225 2975 Non
241 2916 322 2992 mihi,
339 2938 402 2999 quae
419 2917 483 2979 duri
497 2919 641 2994 colerent,
656 2931 751 3001 pater,
766 2938 835 2978 arva
845 2916 977 3001 juvenci,

154 3009 355 3090 Lanigerosve
371 3034 485 3093 greges,
501 3036 559 3076 non
575 3016 635 3077 nlla
649 3029 781 3076 armenta
795 3014 923 3098 reliquit.

155 3107 276 3189 Pauper
290 3108 398 3189 etipse
413 3107 483 3171 suit:
507 3111 625 3193 linoque
640 3112 754 3173 solebat
767 3126 797 3173 et
807 3096 926 3173 hamo*
1070 3116 1133 3177 lto

156 3204 317 3287 Decipere,
333 3217 363 3265 et
377 3204 492 3267 calamo
506 3208 642 3270 salientes
657 3209 764 3270 ducere
780 3207 886 3291 pisces.

155 3303 214 3364 Ars
229 3302 269 3365 illi
284 3322 337 3364 sua
351 3323 456 3364 census
472 3317 544 3364 erat.
589 3303 670 3367 cum
684 3306 812 3367 traderet
826 3319 939 3383 artem;
1025 3312 1030 3319 '

156 3407 176 3438 “
185 3400 313 3484 Accipe,
329 3420 401 3485 quas
416 3400 522 3477 habeo,
537 3401 624 3463 studii
639 3423 791 3465 successor
805 3416 835 3465 et
849 3403 973 3481 haeres,''

156 3495 254 3576 Dixit,
270 3504 371 3582 “opes
381 3496 411 3560 :''
434 3497 619 3584 moriensque
634 3499 705 3562 mihi
720 3500 792 3563 nihil
808 3500 857 3562 ille
871 3502 1000 3586 reliquit,
