2356 4110
518 309 627 360 LIBER
646 311 692 362 1v.
1048 310 1088 369 51

63 512 65 525 ,
150 464 287 527 Inminet
292 462 470 551 aequoribus
484 461 634 553 scopulus.
679 460 776 524 Para'
759 483 827 545 rma
840 476 963 556 cavatur
1026 467 1089 531 205

117 560 272 639 Fluctibus,
288 575 319 624 et
334 575 429 625 tectas
444 558 575 622 defendit
586 532 626 622 'ab
641 525 781 622 imbribus
790 561 907 645 pudes:

119 659 230 723 Summa
245 661 332 742 riget,
348 630 555 742 frontemque
547 680 577 720 ru
593 631 736 741 ap'ertum,
744 660 863 742 porrigit
871 681 987 746 cumquei·

120 758 245 842 Occupat
261 759 340 820 hunc
358 755 472 842 (vires
465 756 577 818 insania
591 754 716 842 fecerat)
732 755 803 820 lno:

121 855 206 940 Seque
222 877 313 939 super
326 868 462 939 pontum,
477 855 558 916 nullo
572 855 719 917 tardata
699 869 814 933 timore,

122 951 212 1031 Mittit,
226 974 362 1036 onusque
377 974 475 1015 suum.
519 952 666 1015 Percussa
680 953 832 1015 recanduit
846 953 936 1018 unda.
1024 958 1088 1021 210

68 1078 71 1089 ·
154 1052 194 1114 At
208 1050 322 1136 Venus¹
332 1050 748 1138 immeripaemeptispnisqrata
761 1051 887 1135 lqbores,

123 1147 162 1210 Sic
174 1163 277 1232 patruo
291 1149 422 1211 blandita
435 1170 488 1211 suo
503 1162 564 1211 est:
589 1147 640 1210 ‘O
655 1170 766 1212 numen
781 1171 935 1234 aquarum,

123 1243 249 1309 Proxima
263 1247 313 1309 cui
327 1247 406 1309 coelo
419 1247 518 1325 cessit,
534 1246 677 1330 Neptune
692 1261 840 1330 potestas,

122 1341 219 1427 Magna
234 1345 354 1429 quidem
370 1365 477 1428 posco:
501 1345 554 1408 sed
569 1357 602 1407 tu
616 1345 755 1409 miserere
769 1368 914 1425 meorum,

67 1448 72 1509 ζ
121 1440 216 1506 Jamari
232 1465 307 1527 quos
320 1443 416 1506 cernis
430 1443 461 1505 in
475 1442 560 1506 Ionio
573 1443 735 1507 immenso:
1023 1448 1086 1511 215

120 1538 151 1603 Et
165 1541 207 1603 dis
222 1542 300 1604 adde
315 1540 382 1603 tuis.
428 1541 538 1624 Aliqua
553 1554 584 1602 et
597 1541 669 1604 mihi
684 1542 775 1624 gratia
789 1556 881 1626 ponto
897 1558 958 1608 est:

64 1688 66 1707 ,
117 1636 143 1700 si
156 1654 253 1702 tamen
267 1639 299 1702 in
314 1639 364 1701 dio
378 1639 526 1722 quondam
541 1653 679 1702 concreta
693 1639 848 1724 profundo,

115 1735 218 1820 Spuma
234 1737 287 1816 firi,
303 1737 487 1823 Grajumque
501 1752 603 1801 manet
618 1739 689 1802 mihi
704 1761 813 1803 nomen
828 1740 865 1804 ab
880 1739 955 1804 illi!

112 1835 219 1899 Adnuit
233 1836 329 1899 oranti
344 1834 521 1920 Neptunus3
544 1851 575 1899 et
589 1836 707 1901 abstulit
721 1839 787 1915 illis,

111 1931 198 2006 Quod
213 1935 336 1997 mortale
352 1933 423 2012 firit3
444 1934 689 2020 majestatemque
705 1936 866 1999 verendam
1021 1939 1085 2002 220

108 2029 268 2115 imposuit;
290 2054 460 2117 nomenque
475 2033 561 2096 simul
575 2033 741 2117 faciemque
756 2034 895 2098 novavit:

107 2127 341 2214 Leucothoeque
357 2130 446 2192 deum
460 2152 530 2194 cum
544 2145 637 2194 matre
652 2131 823 2196 Palaemona
837 2132 921 2197 dixit.

189 2384 318 2427 omnus
334 2384 377 2426 ET
400 2384 572 2426 utrumne:
594 2386 630 2426 nt
653 2386 839 2430 SERPENTES
861 2389 995 2432 MUTATI-

534 2568 563 2610 v.
576 2549 649 2610 562.

102 2716 208 2781 Nescit
222 2717 409 2801 Agenorides
423 2731 522 2781 nutam
537 2741 720 2805 parvumque
734 2736 876 2806 nepotem

101 2815 243 2900 AEquoris
257 2837 323 2878 esse
339 2818 421 2879 deos.
466 2816 565 2881 Luctu
580 2819 714 2902 serieque
728 2820 873 2884 malorum

103 2912 221 2991 Victus,
237 2928 268 2976 et
282 2915 414 2993 ostentis,
429 2937 494 2999 quae
509 2917 634 3000 plurima
648 2916 771 2993 viderat,
784 2917 846 2979 exit
1017 2923 1080 2986 225

102 3011 249 3075 Conditor
263 3013 335 3075 urbe
349 3012 421 3090 suir3
443 3027 582 3098 tanquam
598 3014 713 3077 fortuna
726 3016 869 3095 locorum,

102 3108 171 3172 Non
186 3131 287 3173 suase
303 3126 466 3194 premeret:
489 3113 641 3196 longisque
657 3114 797 3177 erratibus
812 3130 895 3181 actus

101 3206 235 3290 Contigit
250 3208 384 3291 Illyricos
398 3209 522 3322 profuga
535 3232 605 3272 cum
619 3212 744 3297 conjuge
760 3215 843 3308 fines.

99 3305 229 3392 Jamque
243 3307 328 3370 malis
342 3309 483 3393 anumque
499 3331 612 3391 graves,
628 3312 699 3374 dum
715 3301 809 3396 prima
823 3325 980 3378 retractant

100 3404 177 3468 Fata
191 3404 309 3482 demtis,
323 3406 516 3491 releguntque
531 3429 598 3469 suos
613 3430 748 3473 sermone
760 3411 893 3488 labores3
1015 3412 1079 3474 230

97 3502 200 3567 ‘Num
217 3525 302 3566 sacer
316 3503 365 3566 ille
380 3525 449 3566 mea
463 3504 601 3589 trajectus
615 3509 738 3591 cuspide
753 3507 895 3589 serpens,'
