<?xml version="1.0" encoding="UTF-8"?>
<!DOCTYPE html PUBLIC "-//W3C//DTD XHTML 1.0 Transitional//EN"
    "http://www.w3.org/TR/xhtml1/DTD/xhtml1-transitional.dtd">
<html xmlns="http://www.w3.org/1999/xhtml" xml:lang="en" lang="en">
 <head>
  <title>
</title>
<meta http-equiv="Content-Type" content="text/html;charset=utf-8" />
  <meta name='ocr-system' content='tesseract 3.04.00' />
  <meta name='ocr-capabilities' content='ocr_page ocr_carea ocr_par ocr_line ocrx_word'/>
</head>
<body>
  <div class='ocr_page' id='page_1' title='image "./excerptaexscrip00ovidgoog_0072.png"; bbox 0 0 2356 4110; ppageno 0'>
   <div class='ocr_carea' id='block_1_1' title="bbox 504 295 683 346">
    <p class='ocr_par' dir='ltr' id='par_1_1' title="bbox 504 295 683 346">
     <span class='ocr_line' id='line_1_1' title="bbox 504 295 683 346; baseline -0.011 0"><span class='ocrx_word' id='word_1_1' title='bbox 504 295 613 346; x_wconf 79' lang='lat' dir='ltr'>LIBER</span> <span class='ocrx_word' id='word_1_2' title='bbox 637 297 683 346; x_wconf 80' lang='lat' dir='ltr'>lv.</span> 
     </span>
    </p>
   </div>
   <div class='ocr_carea' id='block_1_2' title="bbox 110 448 931 630">
    <p class='ocr_par' dir='ltr' id='par_1_2' title="bbox 110 448 931 630">
     <span class='ocr_line' id='line_1_2' title="bbox 110 448 834 535; baseline -0.01 -21"><span class='ocrx_word' id='word_1_3' title='bbox 110 452 199 514; x_wconf 90' lang='lat' dir='ltr'>Pande</span> <span class='ocrx_word' id='word_1_4' title='bbox 213 448 378 535; x_wconf 85' lang='lat' dir='ltr'>requirenti</span> <span class='ocrx_word' id='word_1_5' title='bbox 392 469 500 511; x_wconf 90' lang='lat' dir='ltr'>nornen</span> <span class='ocrx_word' id='word_1_6' title='bbox 515 461 658 532; x_wconf 84' lang='lat' dir='ltr'>terraeque</span> <span class='ocrx_word' id='word_1_7' title='bbox 672 461 834 530; x_wconf 92' lang='lat' dir='ltr'>tuumque;</span> 
     </span>
     <span class='ocr_line' id='line_1_3' title="bbox 111 545 931 630; baseline -0.007 -19"><span class='ocrx_word' id='word_1_8' title='bbox 111 549 143 612; x_wconf 86' lang='lat' dir='ltr'>Et</span> <span class='ocrx_word' id='word_1_9' title='bbox 154 572 204 613; x_wconf 89' lang='lat' dir='ltr'>cur</span> <span class='ocrx_word' id='word_1_10' title='bbox 217 549 315 612; x_wconf 86' lang='lat' dir='ltr'>vinela</span> <span class='ocrx_word' id='word_1_11' title='bbox 330 545 438 630; x_wconf 64' lang='lat' dir='ltr'>geras?</span> <span class='ocrx_word' id='word_1_12' title='bbox 482 545 585 607; x_wconf 87' lang='lat' dir='ltr'>Primd</span> <span class='ocrx_word' id='word_1_13' title='bbox 601 545 666 607; x_wconf 89' lang='lat' dir='ltr'>silet</span> <span class='ocrx_word' id='word_1_14' title='bbox 681 545 746 606; x_wconf 89' lang='lat' dir='ltr'>illa:</span> <span class='ocrx_word' id='word_1_15' title='bbox 769 566 825 606; x_wconf 92' lang='lat' dir='ltr'>nec</span> <span class='ocrx_word' id='word_1_16' title='bbox 841 545 931 606; x_wconf 88' lang='lat' dir='ltr'>audet</span> 
     </span>
    </p>
   </div>
   <div class='ocr_carea' id='block_1_3' title="bbox 111 643 871 730">
    <p class='ocr_par' dir='ltr' id='par_1_3' title="bbox 111 643 871 730">
     <span class='ocr_line' id='line_1_4' title="bbox 111 643 871 730; baseline -0.007 -21"><span class='ocrx_word' id='word_1_17' title='bbox 111 648 260 730; x_wconf 74' lang='lat' dir='ltr'>Appellare</span> <span class='ocrx_word' id='word_1_18' title='bbox 276 646 374 708; x_wconf 88' lang='lat' dir='ltr'>virum</span> <span class='ocrx_word' id='word_1_19' title='bbox 389 645 488 726; x_wconf 84' lang='lat' dir='ltr'>virgo:</span> <span class='ocrx_word' id='word_1_20' title='bbox 512 643 706 725; x_wconf 89' lang='lat' dir='ltr'>manibusque</span> <span class='ocrx_word' id='word_1_21' title='bbox 721 643 871 705; x_wconf 90' lang='lat' dir='ltr'>modestos</span> 
     </span>
    </p>
   </div>
   <div class='ocr_carea' id='block_1_4' title="bbox 97 739 1080 3562">
    <p class='ocr_par' dir='ltr' id='par_1_4' title="bbox 97 739 1080 3562">
     <span class='ocr_line' id='line_1_5' title="bbox 111 739 1077 822; baseline -0.004 -15"><span class='ocrx_word' id='word_1_22' title='bbox 111 744 237 807; x_wconf 78' lang='lat' dir='ltr'>Celisset</span> <span class='ocrx_word' id='word_1_23' title='bbox 251 745 371 820; x_wconf 91' lang='lat' dir='ltr'>vultus;</span> <span class='ocrx_word' id='word_1_24' title='bbox 393 743 418 804; x_wconf 93' lang='lat' dir='ltr'>si</span> <span class='ocrx_word' id='word_1_25' title='bbox 432 763 491 804; x_wconf 90' lang='lat' dir='ltr'>non</span> <span class='ocrx_word' id='word_1_26' title='bbox 505 741 628 822; x_wconf 83' lang='lat' dir='ltr'>religata</span> <span class='ocrx_word' id='word_1_27' title='bbox 641 739 753 803; x_wconf 84' lang='lat' dir='ltr'>fuisset.</span> <span class='ocrx_word' id='word_1_28' title='bbox 1012 743 1077 805; x_wconf 74' lang='grc'>320</span> 
     </span>
     <span class='ocr_line' id='line_1_6' title="bbox 110 838 896 925; baseline -0.006 -21"><span class='ocrx_word' id='word_1_29' title='bbox 110 841 239 920; x_wconf 87' lang='lat' dir='ltr'>Lumina,</span> <span class='ocrx_word' id='word_1_30' title='bbox 255 841 338 925; x_wconf 90' lang='lat' dir='ltr'>quod</span> <span class='ocrx_word' id='word_1_31' title='bbox 352 840 459 924; x_wconf 92' lang='lat' dir='ltr'>potnit,</span> <span class='ocrx_word' id='word_1_32' title='bbox 472 838 610 922; x_wconf 85' lang='lat' dir='ltr'>lacrymis</span> <span class='ocrx_word' id='word_1_33' title='bbox 625 839 760 921; x_wconf 89' lang='lat' dir='ltr'>implevit</span> <span class='ocrx_word' id='word_1_34' title='bbox 775 838 896 900; x_wconf 88' lang='lat' dir='ltr'>obortis.</span> 
     </span>
     <span class='ocr_line' id='line_1_7' title="bbox 111 934 701 1024; baseline -0.008 -22"><span class='ocrx_word' id='word_1_35' title='bbox 111 940 213 1024; x_wconf 82' lang='lat' dir='ltr'>Sapius</span> <span class='ocrx_word' id='word_1_36' title='bbox 228 939 359 1016; x_wconf 88' lang='lat' dir='ltr'>instanti,</span> <span class='ocrx_word' id='word_1_37' title='bbox 374 958 479 1000; x_wconf 89' lang='lat' dir='ltr'>suane</span> <span class='ocrx_word' id='word_1_38' title='bbox 495 936 604 998; x_wconf 91' lang='lat' dir='ltr'>delicta</span> <span class='ocrx_word' id='word_1_39' title='bbox 617 934 701 997; x_wconf 88' lang='lat' dir='ltr'>fateri</span> 
     </span>
     <span class='ocr_line' id='line_1_8' title="bbox 111 1035 823 1116; baseline -0.007 -16"><span class='ocrx_word' id='word_1_40' title='bbox 111 1035 188 1100; x_wconf 88' lang='lat' dir='ltr'>Nolle</span> <span class='ocrx_word' id='word_1_41' title='bbox 204 1038 366 1113; x_wconf 89' lang='lat' dir='ltr'>videretur,</span> <span class='ocrx_word' id='word_1_42' title='bbox 381 1057 490 1097; x_wconf 90' lang='lat' dir='ltr'>nomen</span> <span class='ocrx_word' id='word_1_43' title='bbox 504 1047 651 1116; x_wconf 83' lang='lat' dir='ltr'>terraeque</span> <span class='ocrx_word' id='word_1_44' title='bbox 665 1055 823 1116; x_wconf 89' lang='lat' dir='ltr'>suumque,</span> 
     </span>
     <span class='ocr_line' id='line_1_9' title="bbox 112 1131 784 1219; baseline -0.006 -23"><span class='ocrx_word' id='word_1_45' title='bbox 112 1134 284 1219; x_wconf 82' lang='lat' dir='ltr'>Quantaque</span> <span class='ocrx_word' id='word_1_46' title='bbox 298 1148 437 1196; x_wconf 87' lang='lat' dir='ltr'>maternae</span> <span class='ocrx_word' id='word_1_47' title='bbox 453 1131 540 1194; x_wconf 80' lang='lat' dir='ltr'>luerit</span> <span class='ocrx_word' id='word_1_48' title='bbox 553 1132 659 1193; x_wconf 89' lang='lat' dir='ltr'>fiducia</span> <span class='ocrx_word' id='word_1_49' title='bbox 674 1131 784 1208; x_wconf 74' lang='lat' dir='ltr'>formae,</span> 
     </span>
     <span class='ocr_line' id='line_1_10' title="bbox 112 1229 1080 1308; baseline 0.001 -16"><span class='ocrx_word' id='word_1_50' title='bbox 112 1230 224 1295; x_wconf 85' lang='lat' dir='ltr'>Iudicat.</span> <span class='ocrx_word' id='word_1_51' title='bbox 270 1232 323 1308; x_wconf 85' lang='lat' dir='ltr'>Et,</span> <span class='ocrx_word' id='word_1_52' title='bbox 337 1231 469 1292; x_wconf 90' lang='lat' dir='ltr'>nondum</span> <span class='ocrx_word' id='word_1_53' title='bbox 484 1230 652 1291; x_wconf 89' lang='lat' dir='ltr'>memoratis</span> <span class='ocrx_word' id='word_1_54' title='bbox 666 1230 813 1306; x_wconf 91' lang='lat' dir='ltr'>omnibus,</span> <span class='ocrx_word' id='word_1_55' title='bbox 828 1229 908 1292; x_wconf 89' lang='lat' dir='ltr'>unda</span> <span class='ocrx_word' id='word_1_56' title='bbox 1014 1233 1080 1293; x_wconf 78' lang='lat'>325</span> 
     </span>
     <span class='ocr_line' id='line_1_11' title="bbox 112 1328 834 1412; baseline -0.004 -19"><span class='ocrx_word' id='word_1_57' title='bbox 112 1328 248 1392; x_wconf 87' lang='lat' dir='ltr'>lnsonuit:</span> <span class='ocrx_word' id='word_1_58' title='bbox 273 1330 454 1412; x_wconf 90' lang='lat' dir='ltr'>veniensque</span> <span class='ocrx_word' id='word_1_59' title='bbox 469 1328 615 1390; x_wconf 90' lang='lat' dir='ltr'>immenso</span> <span class='ocrx_word' id='word_1_60' title='bbox 629 1328 728 1389; x_wconf 89' lang='lat' dir='ltr'>bellua</span> <span class='ocrx_word' id='word_1_61' title='bbox 742 1343 834 1411; x_wconf 91' lang='lat' dir='ltr'>ponto</span> 
     </span>
     <span class='ocr_line' id='line_1_12' title="bbox 112 1425 863 1510; baseline 0 -21"><span class='ocrx_word' id='word_1_62' title='bbox 112 1425 232 1506; x_wconf 80' lang='lat' dir='ltr'>Eminet,</span> <span class='ocrx_word' id='word_1_63' title='bbox 247 1442 279 1491; x_wconf 92' lang='lat' dir='ltr'>et</span> <span class='ocrx_word' id='word_1_64' title='bbox 293 1428 386 1490; x_wconf 89' lang='lat' dir='ltr'>latum</span> <span class='ocrx_word' id='word_1_65' title='bbox 400 1428 455 1489; x_wconf 91' lang='lat' dir='ltr'>sub</span> <span class='ocrx_word' id='word_1_66' title='bbox 469 1439 589 1509; x_wconf 86' lang='lat' dir='ltr'>pectore</span> <span class='ocrx_word' id='word_1_67' title='bbox 604 1426 735 1508; x_wconf 88' lang='lat' dir='ltr'>possidet</span> <span class='ocrx_word' id='word_1_68' title='bbox 755 1448 863 1510; x_wconf 85' lang='lat' dir='ltr'>aequor.</span> 
     </span>
     <span class='ocr_line' id='line_1_13' title="bbox 113 1523 846 1607; baseline -0.001 -20"><span class='ocrx_word' id='word_1_69' title='bbox 113 1523 278 1589; x_wconf 86' lang='lat' dir='ltr'>Conclamat</span> <span class='ocrx_word' id='word_1_70' title='bbox 293 1526 392 1607; x_wconf 86' lang='lat' dir='ltr'>virgo:</span> <span class='ocrx_word' id='word_1_71' title='bbox 415 1525 530 1606; x_wconf 85' lang='lat' dir='ltr'>genitor</span> <span class='ocrx_word' id='word_1_72' title='bbox 544 1524 683 1605; x_wconf 78' lang='lat' dir='ltr'>lugubriS,</span> <span class='ocrx_word' id='word_1_73' title='bbox 699 1538 729 1585; x_wconf 88' lang='lat' dir='ltr'>et</span> <span class='ocrx_word' id='word_1_74' title='bbox 744 1545 846 1586; x_wconf 89' lang='lat' dir='ltr'>amens</span> 
     </span>
     <span class='ocr_line' id='line_1_14' title="bbox 113 1621 810 1705; baseline -0.001 -21"><span class='ocrx_word' id='word_1_75' title='bbox 113 1621 200 1686; x_wconf 88' lang='lat' dir='ltr'>Mater</span> <span class='ocrx_word' id='word_1_76' title='bbox 214 1624 318 1700; x_wconf 91' lang='lat' dir='ltr'>adest;</span> <span class='ocrx_word' id='word_1_77' title='bbox 339 1624 426 1685; x_wconf 89' lang='lat' dir='ltr'>ambo</span> <span class='ocrx_word' id='word_1_78' title='bbox 441 1624 549 1699; x_wconf 86' lang='lat' dir='ltr'>miseri,</span> <span class='ocrx_word' id='word_1_79' title='bbox 566 1622 619 1684; x_wconf 93' lang='lat' dir='ltr'>sed</span> <span class='ocrx_word' id='word_1_80' title='bbox 631 1621 736 1705; x_wconf 77' lang='lat' dir='ltr'>justius</span> <span class='ocrx_word' id='word_1_81' title='bbox 750 1622 810 1684; x_wconf 91' lang='lat' dir='ltr'>illa.</span> 
     </span>
     <span class='ocr_line' id='line_1_15' title="bbox 113 1717 1079 1802; baseline 0.004 -22"><span class='ocrx_word' id='word_1_82' title='bbox 113 1717 166 1783; x_wconf 90' lang='lat' dir='ltr'>Nec</span> <span class='ocrx_word' id='word_1_83' title='bbox 179 1743 285 1784; x_wconf 91' lang='lat' dir='ltr'>secum</span> <span class='ocrx_word' id='word_1_84' title='bbox 299 1720 453 1797; x_wconf 84' lang='lat' dir='ltr'>auxilium,</span> <span class='ocrx_word' id='word_1_85' title='bbox 467 1721 520 1782; x_wconf 92' lang='lat' dir='ltr'>sed</span> <span class='ocrx_word' id='word_1_86' title='bbox 535 1720 637 1801; x_wconf 80' lang='lat' dir='ltr'>dignos</span> <span class='ocrx_word' id='word_1_87' title='bbox 652 1733 785 1802; x_wconf 89' lang='lat' dir='ltr'>tempore</span> <span class='ocrx_word' id='word_1_88' title='bbox 801 1719 899 1796; x_wconf 89' lang='lat' dir='ltr'>fletus,</span> <span class='ocrx_word' id='word_1_89' title='bbox 1014 1721 1079 1784; x_wconf 90' lang='grc'>330</span> 
     </span>
     <span class='ocr_line' id='line_1_16' title="bbox 112 1815 1004 1902; baseline 0.001 -25"><span class='ocrx_word' id='word_1_90' title='bbox 112 1815 338 1902; x_wconf 84' lang='lat' dir='ltr'>Plangeremque</span> <span class='ocrx_word' id='word_1_91' title='bbox 353 1818 465 1881; x_wconf 81' lang='lat' dir='ltr'>ferunt:</span> <span class='ocrx_word' id='word_1_92' title='bbox 489 1816 692 1901; x_wconf 87' lang='lat' dir='ltr'>vinctoque&#39;in</span> <span class='ocrx_word' id='word_1_93' title='bbox 706 1838 829 1900; x_wconf 86' lang='lat' dir='ltr'>corpore</span> <span class='ocrx_word' id='word_1_94' title='bbox 845 1817 1004 1879; x_wconf 75' lang='lat' dir='ltr'>adherent.</span> 
     </span>
     <span class='ocr_line' id='line_1_17' title="bbox 113 1912 928 1998; baseline -0.001 -22"><span class='ocrx_word' id='word_1_95' title='bbox 113 1912 182 1978; x_wconf 78' lang='lat' dir='ltr'>cum</span> <span class='ocrx_word' id='word_1_96' title='bbox 195 1915 239 1979; x_wconf 89' lang='lat' dir='ltr'>sic</span> <span class='ocrx_word' id='word_1_97' title='bbox 254 1917 364 1998; x_wconf 88' lang='lat' dir='ltr'>hospes</span> <span class='ocrx_word' id='word_1_98' title='bbox 379 1916 435 1978; x_wconf 91' lang='lat' dir='ltr'>ait:</span> <span class='ocrx_word' id='word_1_99' title='bbox 460 1914 693 1998; x_wconf 85' lang='lat' dir='ltr'>‘Lacrymarum</span> <span class='ocrx_word' id='word_1_100' title='bbox 706 1914 795 1995; x_wconf 84' lang='lat' dir='ltr'>longa</span> <span class='ocrx_word' id='word_1_101' title='bbox 809 1935 928 1976; x_wconf 88' lang='lat' dir='ltr'>manere</span> 
     </span>
     <span class='ocr_line' id='line_1_18' title="bbox 112 2010 1078 2098; baseline 0.001 -25"><span class='ocrx_word' id='word_1_102' title='bbox 112 2010 252 2098; x_wconf 84' lang='lat' dir='ltr'>Tempora</span> <span class='ocrx_word' id='word_1_103' title='bbox 275 2035 328 2076; x_wconf 89' lang='lat' dir='ltr'>vos</span> <span class='ocrx_word' id='word_1_104' title='bbox 359 2027 513 2096; x_wconf 90' lang='lat' dir='ltr'>poterunt:</span> <span class='ocrx_word' id='word_1_105' title='bbox 537 2013 574 2076; x_wconf 89' lang='lat' dir='ltr'>ad</span> <span class='ocrx_word' id='word_1_106' title='bbox 603 2034 692 2094; x_wconf 93' lang='lat' dir='ltr'>opem</span> <span class='ocrx_word' id='word_1_107' title='bbox 714 2011 811 2073; x_wconf 90' lang='lat' dir='ltr'>brevis</span> <span class='ocrx_word' id='word_1_108' title='bbox 833 2012 906 2074; x_wconf 89' lang='lat' dir='ltr'>hora</span> <span class='ocrx_word' id='word_1_109' title='bbox 927 2011 1078 2075; x_wconf 86' lang='lat' dir='ltr'>serendam</span> 
     </span>
     <span class='ocr_line' id='line_1_19' title="bbox 228 2126 285 2174; baseline -0.018 0"><span class='ocrx_word' id='word_1_110' title='bbox 228 2126 285 2174; x_wconf 79' lang='lat' dir='ltr'>est.</span> 
     </span>
     <span class='ocr_line' id='line_1_20' title="bbox 113 2204 907 2293; baseline 0.005 -25"><span class='ocrx_word' id='word_1_111' title='bbox 113 2204 186 2272; x_wconf 88' lang='lat' dir='ltr'>Hanc</span> <span class='ocrx_word' id='word_1_112' title='bbox 202 2232 260 2292; x_wconf 87' lang='lat' dir='ltr'>ego</span> <span class='ocrx_word' id='word_1_113' title='bbox 274 2210 299 2272; x_wconf 91' lang='lat' dir='ltr'>si</span> <span class='ocrx_word' id='word_1_114' title='bbox 314 2222 447 2293; x_wconf 88' lang='lat' dir='ltr'>peterem</span> <span class='ocrx_word' id='word_1_115' title='bbox 461 2209 590 2272; x_wconf 91' lang='lat' dir='ltr'>Perseus</span> <span class='ocrx_word' id='word_1_116' title='bbox 604 2208 682 2270; x_wconf 86' lang='lat' dir='ltr'>Jove</span> <span class='ocrx_word' id='word_1_117' title='bbox 697 2223 793 2286; x_wconf 89' lang='lat' dir='ltr'>natus,</span> <span class='ocrx_word' id='word_1_118' title='bbox 809 2222 839 2271; x_wconf 90' lang='lat' dir='ltr'>et</span> <span class='ocrx_word' id='word_1_119' title='bbox 858 2209 907 2272; x_wconf 90' lang='lat' dir='ltr'>ille</span> 
     </span>
     <span class='ocr_line' id='line_1_21' title="bbox 113 2303 1077 2389; baseline 0.007 -25"><span class='ocrx_word' id='word_1_120' title='bbox 113 2303 245 2389; x_wconf 86' lang='lat' dir='ltr'>Gorgonis</span> <span class='ocrx_word' id='word_1_121' title='bbox 260 2308 441 2389; x_wconf 82' lang='lat' dir='ltr'>anguicomae</span> <span class='ocrx_word' id='word_1_122' title='bbox 455 2307 584 2369; x_wconf 89' lang='lat' dir='ltr'>Perseus</span> <span class='ocrx_word' id='word_1_123' title='bbox 599 2320 761 2389; x_wconf 88' lang='lat' dir='ltr'>superator,</span> <span class='ocrx_word' id='word_1_124' title='bbox 778 2320 808 2369; x_wconf 92' lang='lat' dir='ltr'>et</span> <span class='ocrx_word' id='word_1_125' title='bbox 822 2308 875 2370; x_wconf 86' lang='lat' dir='ltr'>alis</span> <span class='ocrx_word' id='word_1_126' title='bbox 1014 2311 1077 2372; x_wconf 89' lang='grc'>335</span> 
     </span>
     <span class='ocr_line' id='line_1_22' title="bbox 113 2401 736 2490; baseline 0 -25"><span class='ocrx_word' id='word_1_127' title='bbox 113 2401 259 2468; x_wconf 82' lang='lat' dir='ltr'>AEthereas</span> <span class='ocrx_word' id='word_1_128' title='bbox 274 2426 362 2467; x_wconf 90' lang='lat' dir='ltr'>ausus</span> <span class='ocrx_word' id='word_1_129' title='bbox 374 2405 492 2490; x_wconf 87' lang='lat' dir='ltr'>jactatis</span> <span class='ocrx_word' id='word_1_130' title='bbox 507 2405 549 2467; x_wconf 90' lang='lat' dir='ltr'>ire</span> <span class='ocrx_word' id='word_1_131' title='bbox 565 2426 619 2488; x_wconf 90' lang='lat' dir='ltr'>per</span> <span class='ocrx_word' id='word_1_132' title='bbox 633 2426 736 2480; x_wconf 87' lang='lat' dir='ltr'>auras;</span> 
     </span>
     <span class='ocr_line' id='line_1_23' title="bbox 111 2497 867 2584; baseline 0.007 -25"><span class='ocrx_word' id='word_1_133' title='bbox 111 2497 256 2564; x_wconf 82' lang='lat' dir='ltr'>Praserrer</span> <span class='ocrx_word' id='word_1_134' title='bbox 271 2503 384 2564; x_wconf 90' lang='lat' dir='ltr'>cunctis</span> <span class='ocrx_word' id='word_1_135' title='bbox 399 2503 480 2564; x_wconf 72' lang='lat' dir='ltr'>certe</span> <span class='ocrx_word' id='word_1_136' title='bbox 496 2523 597 2584; x_wconf 86' lang='lat' dir='ltr'>gener.</span> <span class='ocrx_word' id='word_1_137' title='bbox 642 2502 764 2564; x_wconf 88' lang='lat' dir='ltr'>Addere</span> <span class='ocrx_word' id='word_1_138' title='bbox 779 2502 867 2564; x_wconf 90' lang='lat' dir='ltr'>tantis</span> 
     </span>
     <span class='ocr_line' id='line_1_24' title="bbox 110 2594 941 2687; baseline 0.007 -29"><span class='ocrx_word' id='word_1_139' title='bbox 110 2594 227 2662; x_wconf 91' lang='lat' dir='ltr'>Dotibus</span> <span class='ocrx_word' id='word_1_140' title='bbox 243 2614 275 2662; x_wconf 91' lang='lat' dir='ltr'>et</span> <span class='ocrx_word' id='word_1_141' title='bbox 288 2601 426 2662; x_wconf 88' lang='lat' dir='ltr'>meritum</span> <span class='ocrx_word' id='word_1_142' title='bbox 444 2599 577 2687; x_wconf 82' lang='lat' dir='ltr'>(faveant</span> <span class='ocrx_word' id='word_1_143' title='bbox 591 2600 681 2661; x_wconf 80' lang='lat' dir='ltr'>modo</span> <span class='ocrx_word' id='word_1_144' title='bbox 695 2600 830 2685; x_wconf 89' lang='lat' dir='ltr'>numina)</span> <span class='ocrx_word' id='word_1_145' title='bbox 848 2615 941 2664; x_wconf 89' lang='lat' dir='ltr'>tent0.</span> 
     </span>
     <span class='ocr_line' id='line_1_25' title="bbox 109 2691 803 2780; baseline 0.006 -25"><span class='ocrx_word' id='word_1_146' title='bbox 109 2691 146 2756; x_wconf 90' lang='lat' dir='ltr'>Ut</span> <span class='ocrx_word' id='word_1_147' title='bbox 159 2718 225 2758; x_wconf 85' lang='lat' dir='ltr'>mea</span> <span class='ocrx_word' id='word_1_148' title='bbox 238 2698 286 2773; x_wconf 90' lang='lat' dir='ltr'>sit,</span> <span class='ocrx_word' id='word_1_149' title='bbox 300 2712 418 2759; x_wconf 88' lang='lat' dir='ltr'>servata</span> <span class='ocrx_word' id='word_1_150' title='bbox 431 2697 501 2759; x_wconf 70' lang='lat' dir='ltr'>mei</span> <span class='ocrx_word' id='word_1_151' title='bbox 515 2698 634 2774; x_wconf 90' lang='lat' dir='ltr'>virtute,</span> <span class='ocrx_word' id='word_1_152' title='bbox 650 2699 803 2780; x_wconf 65' lang='lat' dir='ltr'>paciscor)</span> 
     </span>
     <span class='ocr_line' id='line_1_26' title="bbox 109 2792 1076 2882; baseline 0.005 -29"><span class='ocrx_word' id='word_1_153' title='bbox 109 2792 261 2876; x_wconf 81' lang='lat' dir='ltr'>Accipiunt</span> <span class='ocrx_word' id='word_1_154' title='bbox 276 2795 385 2876; x_wconf 82' lang='lat' dir='ltr'>legem,</span> <span class='ocrx_word' id='word_1_155' title='bbox 404 2794 483 2882; x_wconf 88' lang='lat' dir='ltr'>(quis</span> <span class='ocrx_word' id='word_1_156' title='bbox 498 2796 577 2857; x_wconf 89' lang='lat' dir='ltr'>enim</span> <span class='ocrx_word' id='word_1_157' title='bbox 593 2795 738 2857; x_wconf 88' lang='lat' dir='ltr'>dubitaret</span> <span class='ocrx_word' id='word_1_158' title='bbox 747 2794 775 2878; x_wconf 86' lang='lat'>?)</span> <span class='ocrx_word' id='word_1_159' title='bbox 793 2810 824 2856; x_wconf 88' lang='lat' dir='ltr'>et</span> <span class='ocrx_word' id='word_1_160' title='bbox 838 2807 932 2870; x_wconf 91' lang='lat' dir='ltr'>orant,</span> <span class='ocrx_word' id='word_1_161' title='bbox 1012 2797 1076 2858; x_wconf 86' lang='grc'>340</span> 
     </span>
     <span class='ocr_line' id='line_1_27' title="bbox 108 2887 867 2976; baseline 0.003 -26"><span class='ocrx_word' id='word_1_162' title='bbox 108 2887 338 2976; x_wconf 88' lang='lat' dir='ltr'>Pmmittuntque</span> <span class='ocrx_word' id='word_1_163' title='bbox 353 2892 443 2975; x_wconf 73' lang='lat' dir='ltr'>super</span> <span class='ocrx_word' id='word_1_164' title='bbox 456 2915 579 2975; x_wconf 86' lang='lat' dir='ltr'>regnum</span> <span class='ocrx_word' id='word_1_165' title='bbox 595 2892 703 2967; x_wconf 85' lang='lat' dir='ltr'>dotale,</span> <span class='ocrx_word' id='word_1_166' title='bbox 719 2903 867 2973; x_wconf 78' lang='lat' dir='ltr'>parentes·</span> 
     </span>
     <span class='ocr_line' id='line_1_28' title="bbox 143 2987 812 3072; baseline -0.001 -21"><span class='ocrx_word' id='word_1_167' title='bbox 143 2987 225 3051; x_wconf 85' lang='lat' dir='ltr'>Ecce</span> <span class='ocrx_word' id='word_1_168' title='bbox 240 2989 323 3051; x_wconf 90' lang='lat' dir='ltr'>velut</span> <span class='ocrx_word' id='word_1_169' title='bbox 337 2990 432 3067; x_wconf 77' lang='lat' dir='ltr'>navis,</span> <span class='ocrx_word' id='word_1_170' title='bbox 446 2991 565 3072; x_wconf 83' lang='lat' dir='ltr'>praefixo</span> <span class='ocrx_word' id='word_1_171' title='bbox 580 2990 695 3052; x_wconf 89' lang='lat' dir='ltr'>concita</span> <span class='ocrx_word' id='word_1_172' title='bbox 710 3003 812 3067; x_wconf 90' lang='lat' dir='ltr'>rostro,</span> 
     </span>
     <span class='ocr_line' id='line_1_29' title="bbox 105 3083 891 3170; baseline 0.009 -24"><span class='ocrx_word' id='word_1_173' title='bbox 105 3083 200 3148; x_wconf 89' lang='lat' dir='ltr'>Sulcat</span> <span class='ocrx_word' id='word_1_174' title='bbox 215 3108 317 3170; x_wconf 88' lang='lat' dir='ltr'>aquas,</span> <span class='ocrx_word' id='word_1_175' title='bbox 328 3086 474 3170; x_wconf 90' lang='lat' dir='ltr'>juvenum</span> <span class='ocrx_word' id='word_1_176' title='bbox 489 3088 660 3149; x_wconf 90' lang='lat' dir='ltr'>sudantibus</span> <span class='ocrx_word' id='word_1_177' title='bbox 676 3101 742 3150; x_wconf 91' lang='lat' dir='ltr'>acta</span> <span class='ocrx_word' id='word_1_178' title='bbox 756 3089 891 3168; x_wconf 83' lang='lat' dir='ltr'>lacertis3</span> 
     </span>
     <span class='ocr_line' id='line_1_30' title="bbox 103 3181 761 3268; baseline 0.008 -25"><span class='ocrx_word' id='word_1_179' title='bbox 103 3181 148 3244; x_wconf 90' lang='lat' dir='ltr'>Sic</span> <span class='ocrx_word' id='word_1_180' title='bbox 163 3183 233 3261; x_wconf 84' lang='lat' dir='ltr'>sera,</span> <span class='ocrx_word' id='word_1_181' title='bbox 248 3185 366 3246; x_wconf 90' lang='lat' dir='ltr'>dimotis</span> <span class='ocrx_word' id='word_1_182' title='bbox 380 3185 508 3268; x_wconf 87' lang='lat' dir='ltr'>impulsu</span> <span class='ocrx_word' id='word_1_183' title='bbox 524 3186 650 3268; x_wconf 88' lang='lat' dir='ltr'>pectoris</span> <span class='ocrx_word' id='word_1_184' title='bbox 665 3187 761 3265; x_wconf 78' lang='lat' dir='ltr'>undiS,</span> 
     </span>
     <span class='ocr_line' id='line_1_31' title="bbox 101 3278 1075 3366; baseline 0.005 -25"><span class='ocrx_word' id='word_1_185' title='bbox 101 3278 228 3342; x_wconf 90' lang='lat' dir='ltr'>Tantum</span> <span class='ocrx_word' id='word_1_186' title='bbox 243 3282 344 3344; x_wconf 86' lang='lat' dir='ltr'>aberat</span> <span class='ocrx_word' id='word_1_187' title='bbox 359 3283 498 3366; x_wconf 89' lang='lat' dir='ltr'>scopulis,</span> <span class='ocrx_word' id='word_1_188' title='bbox 514 3296 655 3365; x_wconf 91' lang='lat' dir='ltr'>quantum</span> <span class='ocrx_word' id='word_1_189' title='bbox 669 3283 825 3348; x_wconf 86' lang='lat' dir='ltr'>Balearica</span> <span class='ocrx_word' id='word_1_190' title='bbox 838 3300 915 3349; x_wconf 89' lang='lat' dir='ltr'>torto</span> <span class='ocrx_word' id='word_1_191' title='bbox 1011 3285 1075 3347; x_wconf 79' lang='lat'>345</span> 
     </span>
     <span class='ocr_line' id='line_1_32' title="bbox 98 3375 876 3463; baseline 0.006 -25"><span class='ocrx_word' id='word_1_192' title='bbox 98 3375 204 3441; x_wconf 85' lang='lat' dir='ltr'>Funda</span> <span class='ocrx_word' id='word_1_193' title='bbox 218 3392 317 3462; x_wconf 86' lang='lat' dir='ltr'>potest</span> <span class='ocrx_word' id='word_1_194' title='bbox 331 3379 455 3463; x_wconf 91' lang='lat' dir='ltr'>plumbo</span> <span class='ocrx_word' id='word_1_195' title='bbox 469 3379 560 3442; x_wconf 91' lang='lat' dir='ltr'>medii</span> <span class='ocrx_word' id='word_1_196' title='bbox 575 3383 770 3444; x_wconf 88' lang='lat' dir='ltr'>transmittere</span> <span class='ocrx_word' id='word_1_197' title='bbox 786 3383 876 3445; x_wconf 90' lang='lat' dir='ltr'>coeli:</span> 
     </span>
     <span class='ocr_line' id='line_1_33' title="bbox 97 3473 831 3562; baseline -0.001 -22"><span class='ocrx_word' id='word_1_198' title='bbox 97 3473 175 3540; x_wconf 81' lang='lat' dir='ltr'>Ctim</span> <span class='ocrx_word' id='word_1_199' title='bbox 189 3477 289 3540; x_wconf 84' lang='lat' dir='ltr'>subitd</span> <span class='ocrx_word' id='word_1_200' title='bbox 299 3476 429 3561; x_wconf 88' lang='lat' dir='ltr'>juvenis,</span> <span class='ocrx_word' id='word_1_201' title='bbox 444 3477 569 3560; x_wconf 92' lang='lat' dir='ltr'>pedibus</span> <span class='ocrx_word' id='word_1_202' title='bbox 583 3478 687 3542; x_wconf 89' lang='lat' dir='ltr'>tellure</span> <span class='ocrx_word' id='word_1_203' title='bbox 702 3478 831 3562; x_wconf 66' lang='lat' dir='ltr'>repulsa,</span> 
     </span>
    </p>
   </div>
   <div class='ocr_carea' id='block_1_5' title="bbox 0 0 1182 4110">
    <p class='ocr_par' dir='ltr' id='par_1_5' title="bbox 0 0 1182 4110">
     <span class='ocr_line' id='line_1_34' title="bbox 0 0 1182 4110; baseline 0 1"><span class='ocrx_word' id='word_1_204' title='bbox 0 0 1182 4110; x_wconf 95' lang='lat' dir='ltr'> </span> 
     </span>
    </p>
   </div>
  </div>
 </body>
</html>
