2356 4110
112 380 153 439 10
431 376 779 429 uaruuonruoseou

109 531 183 606 Quo
197 554 289 610 mare,
304 553 363 617 quo
379 532 474 605 tellus,
489 543 682 612 correptaque
697 527 776 609 regia
791 525 860 588 coeli

108 632 240 707 Ardeae
263 645 293 693 et
307 630 409 691 mundi
423 628 516 690 moles
530 649 654 710 operosa
667 627 789 687 laboret.

107 729 185 791 Tela
198 741 389 811 reponuntur,
403 726 535 788 manibus
551 724 691 787 fabricata
703 722 887 805 Cyclopum.

108 827 205 889 Poena
220 826 458 909 placet'diversa,
473 844 566 904 genus
581 823 702 884 mortale
718 822 772 883 sub
787 821 874 882 undis

107 924 249 1001 Perdere,
265 938 295 985 et
310 945 350 985 ex
364 922 444 984 omni
459 923 575 1007 nimbos¹
589 921 734 983 dimittere
749 920 836 982 coelo.

107 1021 246 1084 Protinus
260 1021 366 1083 AEoliis
380 1020 560 1104 Aquilonem
574 1020 684 1081 claudit
698 1019 727 1079 in
742 1017 840 1094 antris,

107 1118 150 1181 Et
164 1141 345 1204 quecunque
360 1118 462 1200 fugant
475 1117 608 1179 inductas
624 1116 741 1177 flamina
757 1116 867 1177 nubes:

108 1216 283 1302 Emittitque
300 1216 423 1278 Notum.
467 1209 597 1275 Madidis
611 1212 708 1275 Notus
723 1214 821 1274 evolat
840 1213 911 1289 alis;

108 1314 285 1376 Terribilem
301 1313 388 1397 picei
401 1326 497 1374 tectus
512 1312 636 1393 caligine
652 1312 818 1393 vultumls

107 1411 208 1473 Barba
223 1411 318 1493 gravis
332 1410 456 1487 nimbis;
477 1409 557 1472 canis
573 1409 637 1471 fluit
650 1410 730 1471 unda
744 1409 875 1492 capillis:

107 1507 220 1571 Fronte
234 1509 339 1570 sedent
352 1508 483 1569 nebulae:
506 1521 603 1569 rorant
617 1529 790 1590 pennaque,
805 1507 955 1592 sinusque.

106 1604 211 1691 thue
225 1627 314 1668 manu
328 1604 390 1668 latia
403 1605 562 1689 pendentia
575 1605 675 1666 nubila
689 1605 811 1687 pressit3

106 1702 158 1767 Fit
173 1703 283 1786 fragor:
306 1704 375 1766 hinc
390 1704 473 1765 densi
487 1703 648 1764 funduntur
662 1703 698 1763 ab
714 1703 821 1764 aethere
836 1701 938 1764 nimbi.

107 1800 221 1863 Nuntia
233 1801 371 1878 Junonis,
386 1801 481 1863 varios
496 1801 597 1862 induta
611 1800 734 1877 colores,

107 1898 249 1982 Concipit
264 1898 317 1961 Iris
333 1921 433 1983 aquas,
449 1899 644 1982 alimentaque
653 1898 785 1983 *nubibus
800 1897 895 1960 affert.

106 1996 283 2059 Sternuntur
296 2012 422 2079 segetes,
434 2010 465 2058 et
480 1996 630 2078 deplorata
643 1996 741 2058 coloni

108 2092 189 2157 Vota
200 2094 319 2179 jacent,
341 2094 479 2176 longique
494 2093 576 2153 labor
589 2093 665 2175 perit
679 2092 773 2152 irritus
788 2090 867 2151 anni.

88 2164 215 2285 *Nec
229 2191 308 2253 coelo
321 2203 461 2252 contenta
474 2211 528 2250 suo
542 2187 625 2251 Jovis
641 2188 699 2251 ira:
723 2184 781 2250 sed
790 2176 876 2250 illum

71 2315 75 2321 ·
105 2288 258 2351 Caeruleus
273 2288 361 2349 srater
370 2287 457 2372 juvat
471 2287 658 2349 auxiliaribus
672 2288 768 2350 undis.

106 2385 262 2449 Convocat
276 2385 325 2448 hic
340 2407 452 2447 amnes.
497 2383 561 2457 Qui
576 2399 731 2469 postquam
746 2399 826 2448 tecta
840 2385 958 2470 tyranni

105 2482 257 2547 lntravere
272 2483 327 2560 sui,
342 2482 431 2545 ‘Non
446 2495 492 2544 est
507 2483 670 2545 hortamine
684 2484 774 2565 longo

105 2580 215 2659 Nunc,'
231 2582 281 2658 ait,
297 2588 305 2617 ‘
314 2580 474 2643 utendum:
497 2581 574 2643 vires
588 2581 729 2644 effimdite
745 2596 867 2645 vestras.

105 2679 156 2742 Sic
170 2702 245 2763 opus
261 2693 322 2741 est:
346 2679 458 2763 aperite
473 2679 593 2742 domos:
617 2702 662 2757 ac,
676 2679 755 2743 mole
769 2680 895 2759 remoti,

104 2776 290 2841 Fluminibus
305 2778 407 2841 vestris
421 2791 497 2839 totas
511 2777 825 2856 immittitehabenas.'

104 2874 248 2937 Jusserat.
293 2875 336 2938 Hi
350 2876 485 2954 redeunt,
501 2898 535 2939 ac
549 2876 676 2939 sontibus
691 2898 742 2939 ora
754 2877 899 2955 relaxant,

105 2972 148 3035 Et
163 2972 321 3035 defrenato
336 2974 493 3036 volvuntur
506 2975 535 3036 in
550 2997 666 3059 aequora
680 2997 780 3037 cursu.

104 3070 173 3153 Ipse
188 3069 313 3133 tridente
329 3091 381 3131 suo
396 3083 503 3131 terram
517 3073 676 3152 percussit:
699 3086 729 3134 at
744 3073 793 3135 illa

105 3166 271 3243 Intremuit,
287 3180 427 3250 motuque
442 3167 527 3243 sinus¹
537 3169 676 3250 patefecit
691 3192 842 3254 aquarum.

43 3338 48 3349 Ι
105 3264 282 3349 Exspatiata
295 3278 383 3327 ruunt
397 3286 451 3347 per
465 3279 580 3348 apertos
595 3265 716 3329 flumina
734 3288 873 3351 campos;

105 3362 245 3447 Cumque
259 3363 328 3425 satis
342 3363 459 3425 arbusta
476 3363 573 3440 simul,
588 3365 788 3449 pecudesque,
804 3365 950 3449 virosque,

104 3458 272 3545 Tectaque,
286 3483 414 3547 curaque
428 3461 488 3524 suis
502 3462 618 3545 rapiunt
632 3464 793 3545 penetralia
806 3464 906 3526 sacris.

104 3556 137 3621 si
152 3580 211 3644 qua
224 3557 332 3623 domus
342 3560 459 3639 mansit,
472 3560 626 3645 potuitque
640 3560 773 3625 resistere
788 3574 869 3625 tanto
