2356 4110
172 330 233 389 110
478 327 825 386 mutatiottfflosaou

170 483 282 548 Verba.
327 482 389 547 Sed
402 483 452 545 hic
466 482 544 545 solos
559 480 692 545 homines
707 478 846 543 imitatur.
892 477 937 540 At
947 477 1027 540 alter
1081 478 1142 540 ate

169 580 221 644 Fit
235 580 306 658 fera,
320 581 353 643 fit
367 579 503 657 volucris,
515 579 550 641 fit
563 579 653 659 longo
665 598 790 660 corpore
802 597 938 659 serpena.

169 677 260 742 Hunc
274 677 375 742 Icelon
390 677 498 761 superi,
513 676 635 738 mortale
651 675 821 737 Phobetora
835 675 941 757 vulgus

171 775 322 840 Nominat.
366 775 423 837 Est
437 775 526 837 etiam
541 774 661 836 diverse
676 773 777 835 tertius
791 773 859 836 artis

170 873 345 936 Phantasos.
398 872 453 937 llle
475 872 505 936 in
528 871 663 947 humum,
684 891 860 953 saxumque,
882 869 1065 954 undamque,
1087 883 1137 932 tra·

298 972 437 1054 bamque,

172 1068 310 1153 Quaeque
326 1082 431 1133 vacant
445 1065 553 1143 animia,
567 1064 690 1128 feliciter
703 1064 927 1127 omniatransit.
1081 1067 1136 1129 Ἠ)

172 1166 307 1250 Regibus
321 1166 363 1242 hi,
378 1165 559 1247 ducibusque
573 1184 642 1226 suos
655 1162 812 1225 ostendere
826 1161 925 1225 vultus

173 1262 270 1327 Nocte
286 1262 397 1324 solent:
420 1261 545 1344 populos
561 1260 610 1322 alii
624 1259 803 1342 plebemque
818 1273 981 1342 pererrant.

171 1360 306 1423 Praeterit
321 1360 374 1421 hos
388 1359 500 1420 senior:
523 1357 696 1440 cunctisque
710 1378 729 1420 e
744 1356 877 1419 iratribus
891 1378 986 1420 unum

172 1455 332 1538 Morphea,
346 1456 396 1539 qui
412 1468 532 1538 peragat
546 1454 781 1518 Thaumantidos
795 1453 884 1531 edita,
900 1453 1032 1516 Somnus

173 1552 283 1634 Eligit:
307 1565 337 1614 et
351 1574 448 1615 rursus
463 1552 543 1615 molli
557 1553 695 1634 languore
710 1553 837 1614 solutum
1083 1552 1137 1614 oee

173 1649 380 1734 Deposuitque
393 1663 495 1733 caput,
510 1663 658 1733 stratoque
672 1649 835 1712 recondidit
848 1649 920 1711 alto.

215 1747 269 1810 Ille
286 1747 375 1825 volat,
389 1748 484 1811 nullos
496 1747 635 1831 strepitus
650 1745 822 1809 facientibus
837 1746 900 1823 alis,

174 1844 235 1907 Per
249 1845 403 1908 tenebras:
426 1845 558 1928 intraque
573 1866 661 1908 more
674 1844 765 1907 breve
778 1857 897 1928 tempus
911 1844 942 1906 in
956 1845 1064 1907 urbem

173 1942 314 2005 Pervenit
329 1941 531 2005 Haemoniam:
555 1942 714 2026 positisque
730 1962 885 2025 eeorpore
899 1943 1006 2025 pennis

174 2039 210 2101 ln
225 2038 331 2103 faciem
346 2038 459 2123 Ce‘yois
474 2039 550 2101 abit:
575 2038 727 2122 formaque
741 2039 797 2100 sub
810 2039 861 2102 illi
1085 2041 1139 2102 290

174 2136 314 2213 LuriduS,
329 2137 472 2217 exsangui
487 2136 597 2212 similis,
612 2136 675 2198 sine
692 2136 820 2199 vestibus
834 2137 911 2213 ullis,

176 2232 320 2316 Conjugis
335 2247 402 2294 ante
417 2246 513 2294 torum
526 2233 638 2294 miserae
653 2233 743 2295 stetit.
788 2232 858 2296 Uda
872 2233 989 2296 videtur

174 2329 275 2393 Barba
290 2330 351 2406 viri,
367 2331 549 2415 madidisque
563 2331 658 2414 gravis
673 2331 764 2393 fluere
779 2331 858 2393 unda
871 2331 997 2415 capillis.

55 2452 57 2457 ·
175 2428 257 2490 Tum
271 2428 349 2488 lecto
364 2428 547 2505 incumbens,
562 2430 633 2491 fletu
647 2451 801 2512 superorat
815 2427 922 2506 refuso,

175 2523 250 2588 Haec
266 2525 322 2587 ait:
347 2525 511 2605 ‘Agnoscis
526 2524 642 2608 Ceyca,
654 2526 813 2588 miserrima
822 2526 954 2610 conjux?
1085 2527 1140 2589 295

176 2623 225 2695 An
242 2642 307 2683 mea
322 2635 434 2684 mutata
447 2635 493 2684 est
507 2622 595 2685 facies
609 2626 705 2686 nece?
749 2623 899 2708 Respice3
922 2645 1046 2688 nosces:

176 2719 371 2804 Inveniesque
386 2733 437 2783 tuo
451 2742 505 2805 pro
519 2719 645 2804 conjuge
658 2721 792 2805 conjugis
806 2721 953 2784 umbram.

176 2818 227 2880 Nil
243 2819 316 2901 opis,
332 2817 499 2903 Halcyone,
514 2819 597 2882 nohis
611 2832 662 2880 tua
677 2832 745 2880 vota
760 2818 899 2881 tulerunt.

176 2916 364 2981 Occidimus:
387 2917 466 2980 salse
480 2918 530 2980 tibi
544 2939 593 2980 me
608 2918 776 3001 promittere
791 2917 862 2978 noli.

178 3011 304 3073 Nubilus
318 3012 423 3093 AEgaeo
436 3015 592 3096 deprendit
606 3016 636 3077 in
651 3036 766 3098 aequore
780 3015 880 3076 navim
1086 3016 1144 3078 30⁰

177 3108 298 3184 Auster,
313 3123 344 3169 et
359 3109 467 3190 ingenti
479 3110 620 3193 jactatam
635 3113 753 3175 flamine
768 3111 871 3173 solvit:

177 3205 297 3289 Oraque
313 3218 420 3281 nostra,
436 3219 517 3268 tuum
534 3207 638 3271 frustra
651 3209 807 3273 clamantia
820 3230 940 3286 nomen,

177 3302 341 3386 Implerunt
355 3303 472 3365 fluctus.
518 3303 587 3367 Non
602 3307 664 3371 baec
679 3309 732 3371 tibi
746 3307 860 3370 nuntiat
876 3319 979 3370 auctor

177 3401 361 3484 Ambiguus:
385 3423 443 3463 non
459 3400 513 3464 ista
526 3403 607 3484 vagis
621 3406 784 3469 rumoribus
799 3404 898 3466 audis:

177 3496 247 3578 Ipse
261 3518 317 3580 ego
332 3498 389 3561 lata
404 3498 455 3561 tibi
470 3520 597 3582 presens
610 3502 846 3584 maanauhagus
861 3501 928 3564 edo.
1088 3501 1149 3567 ³05
