2356 4110
452 329 560 380 LIBER
576 330 608 379 X.

56 481 200 561 Orantem,
216 479 380 563 smstrhque
395 479 501 542 iterum
515 481 635 541 transire
650 479 812 558 volentem,

55 578 173 642 Portitor
187 590 331 640 arcuerat.
376 577 500 660 Septem
514 591 613 638 tamen
629 577 678 639 ille
693 577 796 639 diebus

54 676 203 760 Squalidus
218 677 247 738 in
263 674 336 759 ripd,
352 673 470 737 Cereris
485 674 547 736 sine
562 696 695 751 munere,
710 674 797 736 sedit.

53 771 137 851 Cura,
153 774 296 856 dolorque
311 773 409 848 animi,
424 773 620 855 lacrymaeque
636 772 774 834 alimenta
789 770 882 833 lubre.
977 773 1019 834 75
1103 758 1105 769 ¹

53 867 120 931 Esse
136 869 209 931 deos
225 867 317 930 Erebi
330 867 464 930 crudeles
479 880 610 950 questuS,
625 867 654 928 in
669 867 758 928 altam

54 965 86 1029 Se
100 967 205 1050 recipit
220 965 402 1049 Rhodopen,
418 965 594 1048 pulsumque
610 963 806 1047 Aquilonibus
821 961 958 1026 Hemon.

234 1304 444 1346 monemus
466 1303 502 1344 IN
523 1303 653 1344 FLOR-EM
674 1303 835 1344 MUTATUS·

428 1426 429 1429 =
474 1487 504 1526 v.
523 1467 593 1527 162.

89 1648 138 1711 Te
154 1669 284 1732 quoque,
298 1647 470 1731 Amyclide,
485 1647 630 1731 posuisset
646 1647 675 1708 in
690 1644 797 1709 ethere
812 1644 958 1724 Phoebus,

57 1743 156 1809 Tristia
171 1745 196 1808 si
210 1745 336 1829 spatium
351 1745 479 1828 ponendi
493 1743 570 1807 Fata
585 1744 744 1807 dedissent.

57 1841 122 1915 Qus
134 1844 216 1920 licet,
233 1857 355 1904 aeternus
369 1857 468 1904 tamen
484 1863 534 1904 es:
558 1841 730 1926 quotiesque
745 1840 861 1923 repellit
979 1839 1022 1902 80

57 1937 113 2003 Ver
126 1941 269 2016 hiemem,
284 1939 422 2023 Piscique
438 1939 525 2002 Aries
539 1939 671 2000 succedit
686 1958 815 2021 aquos03

56 2038 98 2102 Tu
113 2041 201 2103 toties
216 2040 316 2116 oreris,
331 2040 474 2122 viridique
489 2040 518 2102 iu
533 2039 646 2122 cespite
663 2059 777 2100 vernas.

90 2138 221 2222 Jamque
236 2136 296 2199 sere
312 2137 426 2200 medius
439 2137 532 2200 Titan
547 2137 690 2200 venientis
705 2149 734 2198 et
750 2149 821 2199 acte

56 2233 153 2299 Noctis
170 2248 242 2313 erat,
257 2236 410 2318 spatioque
425 2236 488 2318 pari
503 2235 627 2297 distabat
641 2235 806 2318 utrimque:

56 2331 186 2416 Corpora
203 2345 282 2394 reste
297 2333 407 2409 levant,
423 2346 452 2395 et
466 2354 555 2395 succo
570 2331 686 2415 pinguis
696 2331 767 2394 olivi

55 2429 280 2514 splendescunt,
294 2430 403 2514 latique
419 2431 520 2493 ineunt
535 2430 695 2492 certamina
709 2428 790 2490 disci.

55 2527 153 2602 Quem
168 2529 248 2611 pribs
264 2528 356 2591 aerias
371 2528 507 2590 libratum
522 2527 656 2590 Phoebus
671 2527 700 2588 in
715 2547 798 2588 auras

53 2623 143 2703 Misit,
159 2639 190 2687 et
204 2626 354 2708 oppositas
370 2625 482 2710 disjecit
497 2625 627 2708 pondere
643 2625 747 2686 nubes.

54 2720 172 2786 Recidit
187 2724 216 2785 iu
232 2723 354 2785 solidam
368 2723 455 2804 longo
470 2722 536 2805 prist
551 2737 684 2805 ternpore
699 2735 804 2783 terram

53 2820 193 2883 Pondus:
216 2835 247 2883 et
263 2821 397 2883 exhibuit
406 2819 541 2904 junctam
556 2841 625 2882 cum
641 2819 748 2882 viribus
764 2829 867 2878 artem.
980 2817 1023 2880 90

52 2918 189 2982 Protinus
204 2918 384 3002 imprudens,
400 2932 540 3003 actusque
555 2917 693 3000 cupidine
708 2917 779 2993 ludi,

52 3016 172 3079 Tollere
187 3016 357 3079 Taenarides
371 3017 473 3078 orbem
488 3015 678 3100 properabat:
702 3028 731 3076 at
742 3014 826 3076 illum

53 3113 135 3176 Dura
149 3136 323 3198 repercusso
337 3113 460 3198 subjecit
476 3114 512 3176 ab
528 3118 594 3175 acre
614 3114 699 3175 tellus

52 3210 85 3273 In
97 3213 207 3289 vultus,
223 3209 406 3294 Hyacinthe,
422 3225 498 3273 tuos.
544 3210 699 3294 Expalluit
715 3211 810 3294 aque,

51 3310 99 3372 Ac
115 3332 199 3393 puer,
214 3310 278 3392 ipse
294 3309 386 3372 deus:
409 3309 613 3392 collapsosque
628 3308 739 3392 excipit
754 3321 852 3370 artus:
983 3305 1025 3366 95

51 3406 93 3470 Et
106 3408 197 3470 modo
211 3420 241 3469 te
255 3406 385 3470 refovet:
408 3405 498 3468 modb
512 3406 604 3468 tristia
618 3407 739 3468 vulnere
754 3405 860 3467 siccat:

49 3502 81 3567 N
83 3526 142 3567 unc
156 3505 286 3568 animam
300 3504 425 3567 admotis
440 3502 602 3586 lugientem
616 3503 740 3566 sustinet
753 3500 861 3563 herbis.

972 3743 1170 3965 &thss
