2370 4110
503 320 611 370 mnan
633 319 679 371 Xl.
1016 314 1074 372 lll

99 473 207 554 Surge,
223 493 296 554 age:
319 469 358 534 da
370 471 534 554 lacryma3
555 471 747 555 lugubriaque
762 471 869 534 indue:
890 490 948 536 noc
961 480 1011 537 tale

99 568 326 653 Indeploratum
340 569 397 630 sub
409 568 505 630 inania
519 567 644 630 Tartara
657 569 764 630 mitte!

99 667 214 751 Adjicit
229 667 274 729 his
289 687 394 728 vocem
409 663 593 749 Morpheus3
616 687 704 749 quam
719 666 850 750 conjugia
865 667 915 730 illa

100 764 249 827 Crederet
264 785 330 826 esse
345 764 400 825 sui.
445 761 550 825 Fletus
566 784 683 847 quoque
698 762 820 825 sundere
835 787 920 829 veros

104 861 194 924 Visus
209 875 289 923 erat:
312 874 486 944 gestumque
500 882 604 922 manus
619 860 732 942 Ceycis
747 861 904 925 habebant.
1013 866 1078 928 310

145 958 289 1043 [Ingemit
304 957 461 1040 Halcyone
476 958 650 1040 lacrymans,
665 971 816 1041 motatque
831 958 960 1022 lacertos

100 1054 163 1118 Per
177 1077 331 1117 somnum:
354 1075 520 1138 corpusque
536 1068 641 1137 petens
654 1055 841 1138 amplectitur
854 1076 956 1120 auras:

101 1151 332 1235 Exclamatque,
348 1160 357 1189 ‘
366 1150 471 1214 Mane.
516 1151 591 1225 Quo
603 1165 634 1213 te
649 1153 747 1236 rapis?
770 1153 875 1216 ibimus
889 1149 990 1237 uuest]

103 1248 190 1311 Voce
205 1249 260 1326 sui,
275 1251 434 1333 specieque
450 1250 513 1326 viri,
528 1250 642 1312 turbata
656 1270 793 1333 soporem

102 1346 246 1408 Excutit:
270 1359 301 1408 et
315 1346 448 1429 primosi
462 1347 499 1408 sit
514 1347 711 1430 circumspicit
725 1346 795 1425 illic,
1012 1350 1077 1413 315

101 1442 167 1516 Qui
182 1442 272 1504 modo
287 1444 366 1506 visus
381 1457 452 1506 erat.
498 1442 578 1506 Nam
592 1444 664 1507 moti
678 1467 753 1507 voce
767 1445 889 1509 ministri

102 1538 266 1602 Intulerant
279 1541 391 1603 lumen.
436 1539 598 1624 Postquam
613 1563 671 1604 non
687 1542 798 1605 invenit
812 1564 954 1627 usquam3

101 1635 238 1699 Percutit
252 1658 303 1699 ora
317 1659 423 1700 manu:
446 1637 594 1722 laniatque
608 1660 626 1700 a
640 1652 760 1722 pectore
775 1652 889 1702 vestes:

101 1733 291 1818 Pectoraque
305 1734 369 1818 ipsa
383 1733 458 1796 ferit.
503 1733 571 1798 Nec
584 1737 696 1798 crinem
710 1737 824 1800 solvere
839 1746 941 1813 curat,

100 1830 234 1894 Scindit:
257 1845 288 1893 et
302 1832 404 1908 altrici,
418 1853 482 1916 quae
496 1832 593 1895 luotrls
606 1854 705 1911 causa,
719 1835 842 1915 roganti,
1013 1837 1077 1898 320

100 1926 215 1991 ‘Nulla
228 1941 273 1990 est
286 1927 455 2013 Halcyone,
470 1930 550 1991 nulla
564 1931 630 2007 est,'
645 1931 702 2007 ait,
725 1931 851 1993 ‘occidit
864 1929 925 1993 und

100 2023 185 2087 Cum
200 2025 307 2108 C‘e'yce
321 2047 386 2089 suo.
431 2026 562 2089 Solantia
576 2027 669 2090 tollite
684 2027 784 2090 verba.

102 2119 271 2204 Naufragus
286 2123 404 2186 interiit.
448 2122 530 2200 Vidi,
545 2125 729 2208 agnovique,
750 2143 915 2209 manusque

101 2219 154 2281 Ad
171 2219 384 2297 discedentem,
398 2221 522 2303 cupiens
535 2222 671 2299 retinere,
687 2223 809 2285 tetendi.

101 2315 219 2379 Umbra
232 2317 323 2400 fugit:
346 2317 399 2380 sed
414 2330 444 2379 et
458 2317 561 2379 umbra
576 2331 673 2380 tamen
688 2318 852 2395 manifesta,
867 2320 979 2404 virique
1013 2321 1076 2384 ³25

102 2412 186 2476 Vera
200 2414 268 2476 mei.
314 2414 384 2477 Non
398 2415 446 2476 ille
463 2414 591 2498 quidem,
606 2414 631 2476 si
646 2416 759 2498 quaeris,
774 2415 903 2480 habebat

100 2510 255 2573 Adsuetus
268 2512 383 2574 vultus:
407 2533 474 2588 nec,
490 2532 549 2594 quo
562 2512 643 2594 pribs
657 2533 719 2590 ore,
734 2513 855 2576 nitebat.

101 2608 282 2685 Pallentem,
296 2609 479 2692 nudumque,
495 2623 525 2671 et
540 2610 637 2672 adhuc
651 2611 792 2674 humente
807 2611 914 2696 capillo

101 2704 209 2768 lnl'elix
226 2706 302 2769 vidi:
325 2707 406 2768 stetit
420 2707 477 2768 hoc
492 2707 661 2770 miserabilis
675 2708 741 2790 ipso

101 2802 185 2865 Ecce
200 2803 267 2866 loco
276 2804 295 2866 :⁷
319 2818 350 2865 et
364 2803 476 2888 querit,
491 2805 614 2885 vestigia
628 2805 652 2865 si
667 2825 726 2887 qua
739 2803 895 2885 supersint.
1013 2806 1078 2868 330

100 2899 190 2962 ‘Hoc
206 2915 278 2977 erat,
294 2902 352 2964 hoc
367 2902 464 2964 animo
480 2900 558 2985 quod
574 2900 722 2963 divinante
736 2900 895 2976 timebam;

101 2996 141 3059 Et
156 3018 206 3073 ne,
223 3019 271 3060 rae
285 2997 411 3080 fugiens,
426 3012 530 3060 ventos
544 3017 700 3081 sequerere
714 2997 874 3079 rogabam?

102 3095 143 3156 At
158 3095 240 3156 certe
256 3096 375 3173 vellem,
391 3097 527 3180 quoniam
544 3096 688 3178 periturus
704 3095 813 3172 abibas,

101 3190 154 3253 Me
170 3214 288 3275 quoque
305 3193 450 3256 duxisses.
494 3193 613 3255 Tecum
627 3193 681 3255 fuit
695 3193 777 3270 utile,
792 3207 891 3256 tecum

101 3286 146 3352 Ire
162 3290 246 3354 mihi.
290 3289 400 3375 Neque
415 3291 494 3353 enim
509 3291 546 3353 de
562 3292 628 3353 vite
643 3306 777 3375 ternpore
792 3291 953 3374 quidquam
1012 3291 1077 3354 335

100 3387 170 3450 Non
185 3388 273 3450 simul
287 3389 430 3471 egissem:
452 3409 509 3450 nec
523 3409 601 3450 mors
615 3388 739 3451 discreta
754 3388 865 3450 diisset.

100 3484 129 3547 N
131 3507 190 3548 unc
205 3485 311 3547 absens
326 3507 427 3568 pereo,
438 3484 534 3569 jactor
547 3505 626 3545 nunc
640 3484 777 3547 fluctibus
792 3484 914 3546 absens:
