<?xml version="1.0" encoding="UTF-8"?>
<!DOCTYPE html PUBLIC "-//W3C//DTD XHTML 1.0 Transitional//EN"
    "http://www.w3.org/TR/xhtml1/DTD/xhtml1-transitional.dtd">
<html xmlns="http://www.w3.org/1999/xhtml" xml:lang="en" lang="en">
 <head>
  <title>
</title>
<meta http-equiv="Content-Type" content="text/html;charset=utf-8" />
  <meta name='ocr-system' content='tesseract 3.04.00' />
  <meta name='ocr-capabilities' content='ocr_page ocr_carea ocr_par ocr_line ocrx_word'/>
</head>
<body>
  <div class='ocr_page' id='page_1' title='image "./excerptaexscrip00ovidgoog_0062.png"; bbox 0 0 2356 4110; ppageno 0'>
   <div class='ocr_carea' id='block_1_1' title="bbox 494 311 664 367">
    <p class='ocr_par' dir='ltr' id='par_1_1' title="bbox 494 311 664 367">
     <span class='ocr_line' id='line_1_1' title="bbox 494 311 664 367; baseline -0.041 0"><span class='ocrx_word' id='word_1_1' title='bbox 494 311 602 367; x_wconf 67' lang='lat' dir='ltr'>Bm</span> <span class='ocrx_word' id='word_1_2' title='bbox 618 312 664 362; x_wconf 71' lang='grc' dir='ltr'>ιῐ.</span> 
     </span>
    </p>
   </div>
   <div class='ocr_carea' id='block_1_2' title="bbox 96 460 1070 3565">
    <p class='ocr_par' dir='ltr' id='par_1_2' title="bbox 97 460 883 838">
     <span class='ocr_line' id='line_1_2' title="bbox 97 460 817 553; baseline -0.001 -29"><span class='ocrx_word' id='word_1_3' title='bbox 97 460 233 535; x_wconf 75' lang='lat' dir='ltr'>hboris.</span> <span class='ocrx_word' id='word_1_4' title='bbox 267 461 368 523; x_wconf 86' lang='lat' dir='ltr'>Arbor</span> <span class='ocrx_word' id='word_1_5' title='bbox 364 461 474 546; x_wconf 93' lang='lat' dir='ltr'>ibi,</span> <span class='ocrx_word' id='word_1_6' title='bbox 446 462 539 545; x_wconf 87' lang='lat' dir='ltr'>nrveis</span> <span class='ocrx_word' id='word_1_7' title='bbox 552 462 699 525; x_wconf 77' lang='lat' dir='ltr'>uberrima</span> <span class='ocrx_word' id='word_1_8' title='bbox 704 483 817 553; x_wconf 77' lang='lat' dir='ltr'>pomis,</span> 
     </span>
     <span class='ocr_line' id='line_1_3' title="bbox 101 534 809 657; baseline 0.003 -37"><span class='ocrx_word' id='word_1_9' title='bbox 101 534 193 621; x_wconf 83' lang='lat' dir='ltr'>hrdria</span> <span class='ocrx_word' id='word_1_10' title='bbox 193 581 317 657; x_wconf 89' lang='lat' dir='ltr'>morus,</span> <span class='ocrx_word' id='word_1_11' title='bbox 331 573 404 653; x_wconf 87' lang='lat' dir='ltr'>erat,</span> <span class='ocrx_word' id='word_1_12' title='bbox 419 559 518 657; x_wconf 87' lang='lat' dir='ltr'>gelido</span> <span class='ocrx_word' id='word_1_13' title='bbox 530 537 719 647; x_wconf 83' lang='lat' dir='ltr'>codtermina</span> <span class='ocrx_word' id='word_1_14' title='bbox 726 558 809 622; x_wconf 85' lang='lat' dir='ltr'>sonti</span> 
     </span>
     <span class='ocr_line' id='line_1_4' title="bbox 102 622 809 757; baseline 0.004 -41"><span class='ocrx_word' id='word_1_15' title='bbox 102 653 185 718; x_wconf 87' lang='lat' dir='ltr'>Pacta</span> <span class='ocrx_word' id='word_1_16' title='bbox 191 626 342 757; x_wconf 82' lang='lat' dir='ltr'>placent:</span> <span class='ocrx_word' id='word_1_17' title='bbox 354 671 389 719; x_wconf 93' lang='lat' dir='ltr'>et</span> <span class='ocrx_word' id='word_1_18' title='bbox 404 638 480 749; x_wconf 83' lang='lat' dir='ltr'>lux,</span> <span class='ocrx_word' id='word_1_19' title='bbox 479 657 562 719; x_wconf 75' lang='lat' dir='ltr'>tarde</span> <span class='ocrx_word' id='word_1_20' title='bbox 577 622 764 719; x_wconf 91' lang='lat' dir='ltr'>decedere&#39;</span> <span class='ocrx_word' id='word_1_21' title='bbox 728 680 809 734; x_wconf 87' lang='lat' dir='ltr'>vrsa,</span> 
     </span>
     <span class='ocr_line' id='line_1_5' title="bbox 106 730 898 861; baseline 0.004 -47"><span class='ocrx_word' id='word_1_22' title='bbox 106 732 293 837; x_wconf 73' lang='lat' dir='ltr'>Pracipitaiur</span> <span class='ocrx_word' id='word_1_23' title='bbox 307 754 401 838; x_wconf 91' lang='lat' dir='ltr'>aquis,</span> <span class='ocrx_word' id='word_1_24' title='bbox 417 767 448 815; x_wconf 91' lang='lat' dir='ltr'>et</span> <span class='ocrx_word' id='word_1_25' title='bbox 462 754 544 838; x_wconf 87' lang='lat' dir='ltr'>aquis</span> <span class='ocrx_word' id='word_1_26' title='bbox 558 730 617 816; x_wconf 81' lang='lat' dir='ltr'>nori</span> <span class='ocrx_word' id='word_1_27' title='bbox 621 755 723 861; x_wconf 85' lang='lat' dir='ltr'>surgit</span> <span class='ocrx_word' id='word_1_28' title='bbox 737 755 774 816; x_wconf 88' lang='lat' dir='ltr'>ab</span> <span class='ocrx_word' id='word_1_29' title='bbox 783 755 898 837; x_wconf 90' lang='lat' dir='ltr'>isdem.</span> 
     </span>
    </p>

    <p class='ocr_par' dir='ltr' id='par_1_3' title="bbox 112 812 912 1207">
     <span class='ocr_line' id='line_1_6' title="bbox 141 812 885 936; baseline 0.001 -22"><span class='ocrx_word' id='word_1_30' title='bbox 141 850 251 914; x_wconf 83' lang='lat' dir='ltr'><strong>Callida</strong></span> <span class='ocrx_word' id='word_1_31' title='bbox 253 874 318 936; x_wconf 91' lang='lat' dir='ltr'>per</span> <span class='ocrx_word' id='word_1_32' title='bbox 331 852 478 928; x_wconf 83' lang='lat' dir='ltr'>tenebras,</span> <span class='ocrx_word' id='word_1_33' title='bbox 493 866 609 933; x_wconf 74' lang='lat' dir='ltr'>versato</span> <span class='ocrx_word' id='word_1_34' title='bbox 621 828 769 928; x_wconf 92' lang='lat' dir='ltr'>cardine,</span> <span class='ocrx_word' id='word_1_35' title='bbox 767 812 885 915; x_wconf 78' lang='lat' dir='ltr'>Thisbe</span> 
     </span>
     <span class='ocr_line' id='line_1_7' title="bbox 112 946 860 1033; baseline 0.004 -25"><span class='ocrx_word' id='word_1_36' title='bbox 112 946 260 1028; x_wconf 84' lang='lat' dir='ltr'>Egreditur,</span> <span class='ocrx_word' id='word_1_37' title='bbox 274 949 407 1033; x_wconf 91' lang='lat' dir='ltr'>sallitque</span> <span class='ocrx_word' id='word_1_38' title='bbox 422 971 506 1012; x_wconf 91' lang='lat' dir='ltr'>suos:</span> <span class='ocrx_word' id='word_1_39' title='bbox 531 950 730 1033; x_wconf 87' lang='lat' dir='ltr'>adopertaque</span> <span class='ocrx_word' id='word_1_40' title='bbox 748 950 860 1011; x_wconf 88' lang='lat' dir='ltr'>vultum</span> 
     </span>
     <span class='ocr_line' id='line_1_8' title="bbox 113 1043 912 1131; baseline 0.005 -26"><span class='ocrx_word' id='word_1_41' title='bbox 113 1043 234 1109; x_wconf 84' lang='lat' dir='ltr'>Pervenit</span> <span class='ocrx_word' id='word_1_42' title='bbox 249 1047 285 1108; x_wconf 93' lang='lat' dir='ltr'>ad</span> <span class='ocrx_word' id='word_1_43' title='bbox 301 1048 448 1108; x_wconf 87' lang='lat' dir='ltr'>tumulum</span> <span class='ocrx_word' id='word_1_44' title='bbox 456 1069 465 1124; x_wconf 93' lang='lat'>;</span> <span class='ocrx_word' id='word_1_45' title='bbox 487 1047 624 1131; x_wconf 73' lang='lat' dir='ltr'>dictaque</span> <span class='ocrx_word' id='word_1_46' title='bbox 638 1047 692 1108; x_wconf 92' lang='lat' dir='ltr'>sub</span> <span class='ocrx_word' id='word_1_47' title='bbox 709 1046 810 1108; x_wconf 91' lang='lat' dir='ltr'>arbore</span> <span class='ocrx_word' id='word_1_48' title='bbox 825 1048 912 1109; x_wconf 90' lang='lat' dir='ltr'>sedit.</span> 
     </span>
     <span class='ocr_line' id='line_1_9' title="bbox 116 1142 846 1207; baseline 0.004 -5"><span class='ocrx_word' id='word_1_49' title='bbox 116 1142 249 1207; x_wconf 78' lang='lat' dir='ltr'><strong>Audacem</strong></span> <span class='ocrx_word' id='word_1_50' title='bbox 263 1143 390 1207; x_wconf 85' lang='lat' dir='ltr'><strong>faciebat</strong></span> <span class='ocrx_word' id='word_1_51' title='bbox 404 1166 495 1207; x_wconf 90' lang='lat' dir='ltr'>amor.</span> <span class='ocrx_word' id='word_1_52' title='bbox 542 1144 634 1206; x_wconf 89' lang='lat' dir='ltr'>Venit</span> <span class='ocrx_word' id='word_1_53' title='bbox 648 1166 720 1206; x_wconf 91' lang='lat' dir='ltr'>ecce</span> <span class='ocrx_word' id='word_1_54' title='bbox 734 1145 846 1206; x_wconf 88' lang='lat' dir='ltr'>recenti</span> 
     </span>
    </p>

    <p class='ocr_par' dir='ltr' id='par_1_4' title="bbox 117 1237 802 1326">
     <span class='ocr_line' id='line_1_10' title="bbox 117 1237 802 1326; baseline 0.004 -25"><span class='ocrx_word' id='word_1_55' title='bbox 117 1237 188 1303; x_wconf 79' lang='lat' dir='ltr'>Cede</span> <span class='ocrx_word' id='word_1_56' title='bbox 201 1243 297 1304; x_wconf 84' lang='lat' dir='ltr'>leaena</span> <span class='ocrx_word' id='word_1_57' title='bbox 310 1243 401 1305; x_wconf 93' lang='lat' dir='ltr'>boum</span> <span class='ocrx_word' id='word_1_58' title='bbox 415 1257 585 1326; x_wconf 86' lang='lat' dir='ltr'>spumantes</span> <span class='ocrx_word' id='word_1_59' title='bbox 599 1243 689 1304; x_wconf 89' lang='lat' dir='ltr'>oblita</span> <span class='ocrx_word' id='word_1_60' title='bbox 702 1243 802 1318; x_wconf 77' lang='lat' dir='ltr'>rictuS,</span> 
     </span>
    </p>

    <p class='ocr_par' dir='ltr' id='par_1_5' title="bbox 118 1334 716 1421">
     <span class='ocr_line' id='line_1_11' title="bbox 118 1334 716 1421; baseline 0.003 -22"><span class='ocrx_word' id='word_1_61' title='bbox 118 1334 275 1421; x_wconf 85' lang='lat' dir='ltr'>Depositura</span> <span class='ocrx_word' id='word_1_62' title='bbox 288 1340 365 1402; x_wconf 87' lang='lat' dir='ltr'>sitim</span> <span class='ocrx_word' id='word_1_63' title='bbox 380 1340 467 1403; x_wconf 88' lang='lat' dir='ltr'>vicini</span> <span class='ocrx_word' id='word_1_64' title='bbox 480 1341 567 1403; x_wconf 81' lang='lat' dir='ltr'>sontis</span> <span class='ocrx_word' id='word_1_65' title='bbox 582 1341 611 1402; x_wconf 93' lang='lat' dir='ltr'>in</span> <span class='ocrx_word' id='word_1_66' title='bbox 626 1340 716 1401; x_wconf 78' lang='lat' dir='ltr'>undri.</span> 
     </span>
    </p>

    <p class='ocr_par' dir='ltr' id='par_1_6' title="bbox 119 1431 876 1521">
     <span class='ocr_line' id='line_1_12' title="bbox 119 1431 876 1521; baseline 0.004 -26"><span class='ocrx_word' id='word_1_67' title='bbox 119 1431 198 1506; x_wconf 79' lang='lat' dir='ltr'>Quam</span> <span class='ocrx_word' id='word_1_68' title='bbox 212 1438 315 1521; x_wconf 91' lang='lat' dir='ltr'>procul</span> <span class='ocrx_word' id='word_1_69' title='bbox 330 1438 367 1499; x_wconf 90' lang='lat' dir='ltr'>ad</span> <span class='ocrx_word' id='word_1_70' title='bbox 380 1438 456 1500; x_wconf 89' lang='lat' dir='ltr'>lunae</span> <span class='ocrx_word' id='word_1_71' title='bbox 471 1439 565 1500; x_wconf 91' lang='lat' dir='ltr'>radios</span> <span class='ocrx_word' id='word_1_72' title='bbox 579 1436 748 1520; x_wconf 87' lang='lat' dir='ltr'>Babylonia</span> <span class='ocrx_word' id='word_1_73' title='bbox 761 1436 876 1499; x_wconf 83' lang='lat' dir='ltr'>Thisbe</span> 
     </span>
    </p>

    <p class='ocr_par' dir='ltr' id='par_1_7' title="bbox 118 1528 917 1716">
     <span class='ocr_line' id='line_1_13' title="bbox 120 1528 917 1619; baseline 0.008 -28"><span class='ocrx_word' id='word_1_74' title='bbox 120 1528 197 1596; x_wconf 86' lang='lat' dir='ltr'>Vidit:</span> <span class='ocrx_word' id='word_1_75' title='bbox 220 1549 250 1597; x_wconf 89' lang='lat' dir='ltr'>et</span> <span class='ocrx_word' id='word_1_76' title='bbox 264 1536 420 1598; x_wconf 90' lang='lat' dir='ltr'>obscurum</span> <span class='ocrx_word' id='word_1_77' title='bbox 434 1536 551 1619; x_wconf 89' lang='lat' dir='ltr'>trepido</span> <span class='ocrx_word' id='word_1_78' title='bbox 564 1536 642 1619; x_wconf 90' lang='lat' dir='ltr'>pede</span> <span class='ocrx_word' id='word_1_79' title='bbox 657 1535 731 1617; x_wconf 86' lang='lat' dir='ltr'>sugit</span> <span class='ocrx_word' id='word_1_80' title='bbox 746 1535 775 1597; x_wconf 91' lang='lat' dir='ltr'>in</span> <span class='ocrx_word' id='word_1_81' title='bbox 790 1549 917 1597; x_wconf 83' lang='lat' dir='ltr'>antrum.</span> 
     </span>
     <span class='ocr_line' id='line_1_14' title="bbox 118 1626 848 1716; baseline 0.005 -26"><span class='ocrx_word' id='word_1_82' title='bbox 118 1626 237 1716; x_wconf 82' lang='lat' dir='ltr'>Dumque</span> <span class='ocrx_word' id='word_1_83' title='bbox 252 1632 336 1714; x_wconf 87' lang='lat' dir='ltr'>fugit,</span> <span class='ocrx_word' id='word_1_84' title='bbox 350 1647 433 1715; x_wconf 86' lang='lat' dir='ltr'>tergo</span> <span class='ocrx_word' id='word_1_85' title='bbox 448 1634 593 1696; x_wconf 90' lang='lat' dir='ltr'>velamina</span> <span class='ocrx_word' id='word_1_86' title='bbox 606 1634 689 1716; x_wconf 92' lang='lat' dir='ltr'>lapsa</span> <span class='ocrx_word' id='word_1_87' title='bbox 701 1633 848 1716; x_wconf 85' lang='lat' dir='ltr'>relinquit.</span> 
     </span>
    </p>

    <p class='ocr_par' dir='ltr' id='par_1_8' title="bbox 118 1723 793 1814">
     <span class='ocr_line' id='line_1_15' title="bbox 118 1723 793 1814; baseline 0.004 -26"><span class='ocrx_word' id='word_1_88' title='bbox 118 1723 150 1788; x_wconf 74' lang='grc' dir='ltr'>ιιι</span> <span class='ocrx_word' id='word_1_89' title='bbox 161 1729 201 1792; x_wconf 75' lang='grc' dir='ltr'>ιιι</span> <span class='ocrx_word' id='word_1_90' title='bbox 213 1751 296 1792; x_wconf 83' lang='lat' dir='ltr'>saeva</span> <span class='ocrx_word' id='word_1_91' title='bbox 309 1730 387 1792; x_wconf 92' lang='lat' dir='ltr'>sitim</span> <span class='ocrx_word' id='word_1_92' title='bbox 400 1730 495 1793; x_wconf 72' lang='lat' dir='ltr'>multia</span> <span class='ocrx_word' id='word_1_93' title='bbox 507 1731 689 1814; x_wconf 91' lang='lat' dir='ltr'>compescuit</span> <span class='ocrx_word' id='word_1_94' title='bbox 702 1729 793 1806; x_wconf 69' lang='lat' dir='ltr'>unda,</span> 
     </span>
    </p>

    <p class='ocr_par' dir='ltr' id='par_1_9' title="bbox 117 1821 819 1909">
     <span class='ocr_line' id='line_1_16' title="bbox 117 1821 819 1909; baseline 0.006 -25"><span class='ocrx_word' id='word_1_95' title='bbox 117 1821 181 1888; x_wconf 89' lang='lat' dir='ltr'>Dum</span> <span class='ocrx_word' id='word_1_96' title='bbox 195 1826 269 1890; x_wconf 90' lang='lat' dir='ltr'>redit</span> <span class='ocrx_word' id='word_1_97' title='bbox 283 1827 313 1890; x_wconf 92' lang='lat' dir='ltr'>in</span> <span class='ocrx_word' id='word_1_98' title='bbox 328 1827 425 1905; x_wconf 88' lang='lat' dir='ltr'>silvas,</span> <span class='ocrx_word' id='word_1_99' title='bbox 439 1827 573 1890; x_wconf 86' lang='lat' dir='ltr'>inventos</span> <span class='ocrx_word' id='word_1_100' title='bbox 587 1827 660 1890; x_wconf 73' lang='lat' dir='ltr'>sorte</span> <span class='ocrx_word' id='word_1_101' title='bbox 676 1829 738 1888; x_wconf 90' lang='lat' dir='ltr'>sine</span> <span class='ocrx_word' id='word_1_102' title='bbox 753 1825 819 1909; x_wconf 76' lang='lat' dir='ltr'>ipsit</span> 
     </span>
    </p>

    <p class='ocr_par' dir='ltr' id='par_1_10' title="bbox 115 1919 726 1987">
     <span class='ocr_line' id='line_1_17' title="bbox 115 1919 726 1987; baseline 0 -3"><span class='ocrx_word' id='word_1_103' title='bbox 115 1919 163 1984; x_wconf 83' lang='lat' dir='ltr'>Orc</span> <span class='ocrx_word' id='word_1_104' title='bbox 176 1938 326 1987; x_wconf 86' lang='lat' dir='ltr'>cruentato</span> <span class='ocrx_word' id='word_1_105' title='bbox 341 1939 444 1987; x_wconf 89' lang='lat' dir='ltr'>tenues</span> <span class='ocrx_word' id='word_1_106' title='bbox 458 1925 577 1987; x_wconf 89' lang='lat' dir='ltr'>laniavit</span> <span class='ocrx_word' id='word_1_107' title='bbox 592 1924 726 1986; x_wconf 87' lang='lat' dir='ltr'>amictus.</span> 
     </span>
    </p>

    <p class='ocr_par' dir='ltr' id='par_1_11' title="bbox 96 2020 1070 3565">
     <span class='ocr_line' id='line_1_18' title="bbox 145 2020 728 2104; baseline -0.003 -20"><span class='ocrx_word' id='word_1_108' title='bbox 145 2020 238 2084; x_wconf 84' lang='lat' dir='ltr'>Seriirs</span> <span class='ocrx_word' id='word_1_109' title='bbox 253 2043 388 2104; x_wconf 86' lang='lat' dir='ltr'>egressus</span> <span class='ocrx_word' id='word_1_110' title='bbox 403 2023 524 2104; x_wconf 85' lang='lat' dir='ltr'>vestigia</span> <span class='ocrx_word' id='word_1_111' title='bbox 539 2022 611 2085; x_wconf 84' lang='lat' dir='ltr'>vidit</span> <span class='ocrx_word' id='word_1_112' title='bbox 625 2022 655 2084; x_wconf 91' lang='lat' dir='ltr'>in</span> <span class='ocrx_word' id='word_1_113' title='bbox 669 2021 728 2082; x_wconf 90' lang='lat' dir='ltr'>alto</span> 
     </span>
     <span class='ocr_line' id='line_1_19' title="bbox 110 2115 1069 2204; baseline 0.002 -25"><span class='ocrx_word' id='word_1_114' title='bbox 110 2115 225 2181; x_wconf 85' lang='lat' dir='ltr'>Pulvere</span> <span class='ocrx_word' id='word_1_115' title='bbox 239 2133 321 2182; x_wconf 89' lang='lat' dir='ltr'>certa</span> <span class='ocrx_word' id='word_1_116' title='bbox 335 2118 412 2198; x_wconf 85' lang='lat' dir='ltr'>ferae,</span> <span class='ocrx_word' id='word_1_117' title='bbox 427 2134 548 2204; x_wconf 89' lang='lat' dir='ltr'>totoque</span> <span class='ocrx_word' id='word_1_118' title='bbox 563 2118 706 2202; x_wconf 87' lang='lat' dir='ltr'>expalluit</span> <span class='ocrx_word' id='word_1_119' title='bbox 720 2139 770 2180; x_wconf 90' lang='lat' dir='ltr'>ore</span> <span class='ocrx_word' id='word_1_120' title='bbox 1024 2119 1069 2181; x_wconf 79' lang='lat'>35</span> 
     </span>
     <span class='ocr_line' id='line_1_20' title="bbox 107 2213 979 2301; baseline 0.001 -25"><span class='ocrx_word' id='word_1_121' title='bbox 107 2213 253 2299; x_wconf 86' lang='lat' dir='ltr'>Pyramus.</span> <span class='ocrx_word' id='word_1_122' title='bbox 298 2216 342 2279; x_wconf 88' lang='lat' dir='ltr'>Ut</span> <span class='ocrx_word' id='word_1_123' title='bbox 357 2217 428 2279; x_wconf 80' lang='lat' dir='ltr'>verb</span> <span class='ocrx_word' id='word_1_124' title='bbox 443 2232 556 2280; x_wconf 90' lang='lat' dir='ltr'>vestem</span> <span class='ocrx_word' id='word_1_125' title='bbox 572 2238 689 2301; x_wconf 90' lang='lat' dir='ltr'>quoque</span> <span class='ocrx_word' id='word_1_126' title='bbox 702 2215 842 2297; x_wconf 84' lang='lat' dir='ltr'>sanguine</span> <span class='ocrx_word' id='word_1_127' title='bbox 857 2214 979 2277; x_wconf 82' lang='lat' dir='ltr'>tinctam</span> 
     </span>
     <span class='ocr_line' id='line_1_21' title="bbox 104 2312 955 2398; baseline -0.002 -22"><span class='ocrx_word' id='word_1_128' title='bbox 104 2312 241 2398; x_wconf 85' lang='lat' dir='ltr'>Reperit3</span> <span class='ocrx_word' id='word_1_129' title='bbox 264 2321 273 2351; x_wconf 92' lang='lat'>‘</span> <span class='ocrx_word' id='word_1_130' title='bbox 281 2313 352 2376; x_wconf 92' lang='lat' dir='ltr'>Una</span> <span class='ocrx_word' id='word_1_131' title='bbox 366 2315 440 2377; x_wconf 90' lang='lat' dir='ltr'>duos</span> <span class='ocrx_word' id='word_1_132' title='bbox 453 2315 535 2391; x_wconf 84' lang='lat' dir='ltr'>nox,&#39;</span> <span class='ocrx_word' id='word_1_133' title='bbox 550 2314 654 2398; x_wconf 91' lang='lat' dir='ltr'>inquit,</span> <span class='ocrx_word' id='word_1_134' title='bbox 670 2313 794 2396; x_wconf 86' lang='lat' dir='ltr'>‘perdet</span> <span class='ocrx_word' id='word_1_135' title='bbox 807 2325 955 2375; x_wconf 88' lang='lat' dir='ltr'>amantes:</span> 
     </span>
     <span class='ocr_line' id='line_1_22' title="bbox 103 2409 753 2496; baseline -0.006 -22"><span class='ocrx_word' id='word_1_136' title='bbox 103 2410 128 2474; x_wconf 87' lang='grc' dir='ltr'>Ε</span> <span class='ocrx_word' id='word_1_137' title='bbox 143 2413 247 2496; x_wconf 89' lang='lat' dir='ltr'>quibus</span> <span class='ocrx_word' id='word_1_138' title='bbox 261 2411 311 2473; x_wconf 92' lang='lat' dir='ltr'>illa</span> <span class='ocrx_word' id='word_1_139' title='bbox 324 2409 378 2474; x_wconf 88' lang='lat' dir='ltr'>fuit</span> <span class='ocrx_word' id='word_1_140' title='bbox 391 2411 480 2494; x_wconf 76' lang='lat' dir='ltr'>longia</span> <span class='ocrx_word' id='word_1_141' title='bbox 494 2412 661 2493; x_wconf 86' lang='lat' dir='ltr'>dignissima</span> <span class='ocrx_word' id='word_1_142' title='bbox 675 2409 753 2472; x_wconf 71' lang='lat' dir='ltr'>vita:</span> 
     </span>
     <span class='ocr_line' id='line_1_23' title="bbox 100 2503 1004 2590; baseline -0.006 -18"><span class='ocrx_word' id='word_1_143' title='bbox 100 2507 206 2572; x_wconf 89' lang='lat' dir='ltr'>Nostra</span> <span class='ocrx_word' id='word_1_144' title='bbox 220 2531 330 2571; x_wconf 90' lang='lat' dir='ltr'>nocens</span> <span class='ocrx_word' id='word_1_145' title='bbox 345 2509 441 2572; x_wconf 92' lang='lat' dir='ltr'>anima</span> <span class='ocrx_word' id='word_1_146' title='bbox 455 2521 510 2572; x_wconf 86' lang='lat' dir='ltr'>est.</span> <span class='ocrx_word' id='word_1_147' title='bbox 555 2508 623 2590; x_wconf 78' lang='lat' dir='ltr'>Ego</span> <span class='ocrx_word' id='word_1_148' title='bbox 637 2522 678 2585; x_wconf 89' lang='lat' dir='ltr'>te,</span> <span class='ocrx_word' id='word_1_149' title='bbox 692 2505 865 2585; x_wconf 85' lang='lat' dir='ltr'>miseranda,</span> <span class='ocrx_word' id='word_1_150' title='bbox 880 2503 1004 2590; x_wconf 86' lang='lat' dir='ltr'>peremi,</span> 
     </span>
     <span class='ocr_line' id='line_1_24' title="bbox 99 2602 1070 2691; baseline -0.006 -22"><span class='ocrx_word' id='word_1_151' title='bbox 99 2605 132 2669; x_wconf 95' lang='lat' dir='ltr'>ln</span> <span class='ocrx_word' id='word_1_152' title='bbox 146 2607 212 2669; x_wconf 89' lang='lat' dir='ltr'>loca</span> <span class='ocrx_word' id='word_1_153' title='bbox 226 2607 314 2690; x_wconf 86' lang='lat' dir='ltr'>plena</span> <span class='ocrx_word' id='word_1_154' title='bbox 328 2606 424 2669; x_wconf 79' lang='lat' dir='ltr'>metris</span> <span class='ocrx_word' id='word_1_155' title='bbox 439 2607 488 2691; x_wconf 91' lang='lat' dir='ltr'>qui</span> <span class='ocrx_word' id='word_1_156' title='bbox 498 2606 572 2691; x_wconf 86' lang='lat' dir='ltr'>jussi</span> <span class='ocrx_word' id='word_1_157' title='bbox 585 2620 672 2668; x_wconf 90' lang='lat' dir='ltr'>nocte</span> <span class='ocrx_word' id='word_1_158' title='bbox 688 2605 819 2667; x_wconf 89' lang='lat' dir='ltr'>venires:</span> <span class='ocrx_word' id='word_1_159' title='bbox 1025 2602 1070 2664; x_wconf 89' lang='grc'>40</span> 
     </span>
     <span class='ocr_line' id='line_1_25' title="bbox 98 2702 884 2788; baseline -0.006 -22"><span class='ocrx_word' id='word_1_160' title='bbox 98 2703 165 2766; x_wconf 91' lang='lat' dir='ltr'>Nec</span> <span class='ocrx_word' id='word_1_161' title='bbox 179 2704 258 2788; x_wconf 89' lang='lat' dir='ltr'>prior</span> <span class='ocrx_word' id='word_1_162' title='bbox 271 2704 330 2766; x_wconf 92' lang='lat' dir='ltr'>huc</span> <span class='ocrx_word' id='word_1_163' title='bbox 345 2704 424 2767; x_wconf 83' lang='lat' dir='ltr'>veni.</span> <span class='ocrx_word' id='word_1_164' title='bbox 468 2702 608 2767; x_wconf 88' lang='lat' dir='ltr'>Nostrum</span> <span class='ocrx_word' id='word_1_165' title='bbox 623 2704 751 2765; x_wconf 90' lang='lat' dir='ltr'>divellite</span> <span class='ocrx_word' id='word_1_166' title='bbox 766 2721 884 2784; x_wconf 86' lang='lat' dir='ltr'>corpus,</span> 
     </span>
     <span class='ocr_line' id='line_1_26' title="bbox 97 2800 799 2873; baseline -0.009 -9"><span class='ocrx_word' id='word_1_167' title='bbox 97 2801 140 2864; x_wconf 88' lang='lat' dir='ltr'>Et</span> <span class='ocrx_word' id='word_1_168' title='bbox 154 2803 296 2864; x_wconf 88' lang='lat' dir='ltr'>scelerata</span> <span class='ocrx_word' id='word_1_169' title='bbox 310 2800 372 2864; x_wconf 85' lang='lat' dir='ltr'>lero</span> <span class='ocrx_word' id='word_1_170' title='bbox 386 2802 548 2864; x_wconf 87' lang='lat' dir='ltr'>consumite</span> <span class='ocrx_word' id='word_1_171' title='bbox 564 2802 676 2863; x_wconf 88' lang='lat' dir='ltr'>viscera</span> <span class='ocrx_word' id='word_1_172' title='bbox 689 2819 799 2873; x_wconf 90' lang='lat' dir='ltr'>morsu,</span> 
     </span>
     <span class='ocr_line' id='line_1_27' title="bbox 97 2891 834 2984; baseline -0.011 -23"><span class='ocrx_word' id='word_1_173' title='bbox 97 2899 127 2961; x_wconf 93' lang='grc' dir='ltr'>Ο</span> <span class='ocrx_word' id='word_1_174' title='bbox 144 2901 311 2984; x_wconf 90' lang='lat' dir='ltr'>quicunque</span> <span class='ocrx_word' id='word_1_175' title='bbox 325 2900 379 2962; x_wconf 90' lang='lat' dir='ltr'>sub</span> <span class='ocrx_word' id='word_1_176' title='bbox 393 2898 450 2962; x_wconf 70' lang='lat' dir='ltr'>hac</span> <span class='ocrx_word' id='word_1_177' title='bbox 465 2900 598 2962; x_wconf 91' lang='lat' dir='ltr'>habitatis</span> <span class='ocrx_word' id='word_1_178' title='bbox 612 2917 697 2979; x_wconf 91' lang='lat' dir='ltr'>rupe,</span> <span class='ocrx_word' id='word_1_179' title='bbox 711 2891 834 2957; x_wconf 68' lang='lat' dir='ltr'>leones.²</span> 
     </span>
     <span class='ocr_line' id='line_1_28' title="bbox 97 2988 918 3079; baseline -0.011 -19"><span class='ocrx_word' id='word_1_180' title='bbox 97 2997 159 3060; x_wconf 91' lang='lat' dir='ltr'>Sed</span> <span class='ocrx_word' id='word_1_181' title='bbox 174 2998 268 3060; x_wconf 90' lang='lat' dir='ltr'>timidi</span> <span class='ocrx_word' id='word_1_182' title='bbox 283 3012 327 3059; x_wconf 90' lang='lat' dir='ltr'>est</span> <span class='ocrx_word' id='word_1_183' title='bbox 340 3010 442 3079; x_wconf 90' lang='lat' dir='ltr'>optare</span> <span class='ocrx_word' id='word_1_184' title='bbox 457 3020 572 3060; x_wconf 86' lang='lat' dir='ltr'>necem.</span> <span class='ocrx_word' id='word_1_185' title='bbox 619 2992 775 3056; x_wconf 88' lang='lat' dir='ltr'>Velamina</span> <span class='ocrx_word' id='word_1_186' title='bbox 788 2988 918 3053; x_wconf 87' lang='lat' dir='ltr'>Thisbes</span> 
     </span>
     <span class='ocr_line' id='line_1_29' title="bbox 96 3088 1070 3179; baseline -0.008 -22"><span class='ocrx_word' id='word_1_187' title='bbox 96 3095 202 3172; x_wconf 88' lang='lat' dir='ltr'>Tollit,</span> <span class='ocrx_word' id='word_1_188' title='bbox 218 3109 247 3158; x_wconf 90' lang='lat' dir='ltr'>et</span> <span class='ocrx_word' id='word_1_189' title='bbox 263 3096 301 3156; x_wconf 93' lang='lat' dir='ltr'>ad</span> <span class='ocrx_word' id='word_1_190' title='bbox 316 3108 408 3179; x_wconf 85' lang='lat' dir='ltr'>pactae</span> <span class='ocrx_word' id='word_1_191' title='bbox 422 3117 522 3158; x_wconf 90' lang='lat' dir='ltr'>secum</span> <span class='ocrx_word' id='word_1_192' title='bbox 538 3094 592 3156; x_wconf 82' lang='lat' dir='ltr'>lert</span> <span class='ocrx_word' id='word_1_193' title='bbox 607 3091 715 3156; x_wconf 91' lang='lat' dir='ltr'>arboris</span> <span class='ocrx_word' id='word_1_194' title='bbox 730 3090 875 3153; x_wconf 88' lang='lat' dir='ltr'>umbram.</span> <span class='ocrx_word' id='word_1_195' title='bbox 1027 3088 1070 3149; x_wconf 81' lang='lat'>45</span> 
     </span>
     <span class='ocr_line' id='line_1_30' title="bbox 96 3189 876 3276; baseline -0.005 -21"><span class='ocrx_word' id='word_1_196' title='bbox 96 3193 201 3276; x_wconf 88' lang='lat' dir='ltr'>thue</span> <span class='ocrx_word' id='word_1_197' title='bbox 218 3193 300 3255; x_wconf 86' lang='lat' dir='ltr'>dedit</span> <span class='ocrx_word' id='word_1_198' title='bbox 314 3206 389 3255; x_wconf 87' lang='lat' dir='ltr'>notae</span> <span class='ocrx_word' id='word_1_199' title='bbox 404 3194 560 3276; x_wconf 76' lang='lat' dir='ltr'>lacrymae,</span> <span class='ocrx_word' id='word_1_200' title='bbox 576 3192 657 3255; x_wconf 90' lang='lat' dir='ltr'>dedit</span> <span class='ocrx_word' id='word_1_201' title='bbox 671 3190 771 3254; x_wconf 90' lang='lat' dir='ltr'>oscula</span> <span class='ocrx_word' id='word_1_202' title='bbox 785 3189 876 3252; x_wconf 90' lang='lat' dir='ltr'>vesti:</span> 
     </span>
     <span class='ocr_line' id='line_1_31' title="bbox 96 3275 1061 3401; baseline -0.015 -48"><span class='ocrx_word' id='word_1_203' title='bbox 96 3291 237 3373; x_wconf 84' lang='lat' dir='ltr'>‘Accipe</span> <span class='ocrx_word' id='word_1_204' title='bbox 252 3291 352 3368; x_wconf 89' lang='lat' dir='ltr'>nunc‚&#39;</span> <span class='ocrx_word' id='word_1_205' title='bbox 368 3291 471 3401; x_wconf 79' lang='lat' dir='ltr'>inquit,</span> <span class='ocrx_word' id='word_1_206' title='bbox 487 3290 594 3351; x_wconf 87' lang='lat' dir='ltr'>‘nostri</span> <span class='ocrx_word' id='word_1_207' title='bbox 610 3310 726 3373; x_wconf 91' lang='lat' dir='ltr'>quoque</span> <span class='ocrx_word' id='word_1_208' title='bbox 741 3285 888 3369; x_wconf 85' lang='lat' dir='ltr'>sanguinis</span> <span class='ocrx_word' id='word_1_209' title='bbox 910 3275 1061 3343; x_wconf 80' lang='lat' dir='ltr'>haustusz’</span> 
     </span>
     <span class='ocr_line' id='line_1_32' title="bbox 96 3385 865 3473; baseline -0.008 -23"><span class='ocrx_word' id='word_1_210' title='bbox 96 3388 232 3473; x_wconf 86' lang='lat' dir='ltr'>Quoque</span> <span class='ocrx_word' id='word_1_211' title='bbox 248 3402 311 3450; x_wconf 86' lang='lat' dir='ltr'>erat</span> <span class='ocrx_word' id='word_1_212' title='bbox 325 3388 484 3464; x_wconf 89' lang='lat' dir='ltr'>accinctus,</span> <span class='ocrx_word' id='word_1_213' title='bbox 500 3387 669 3451; x_wconf 88' lang='lat' dir='ltr'>demittitiu</span> <span class='ocrx_word' id='word_1_214' title='bbox 685 3386 733 3449; x_wconf 91' lang='lat' dir='ltr'>ilia</span> <span class='ocrx_word' id='word_1_215' title='bbox 746 3385 865 3447; x_wconf 90' lang='lat' dir='ltr'>serrum.</span> 
     </span>
     <span class='ocr_line' id='line_1_33' title="bbox 96 3479 858 3565; baseline -0.017 -13"><span class='ocrx_word' id='word_1_216' title='bbox 96 3486 166 3552; x_wconf 90' lang='lat' dir='ltr'>Nec</span> <span class='ocrx_word' id='word_1_217' title='bbox 181 3508 288 3565; x_wconf 83' lang='lat' dir='ltr'>mora3</span> <span class='ocrx_word' id='word_1_218' title='bbox 309 3485 434 3549; x_wconf 84' lang='lat' dir='ltr'>ferventi</span> <span class='ocrx_word' id='word_1_219' title='bbox 448 3486 574 3549; x_wconf 87' lang='lat' dir='ltr'>moriens</span> <span class='ocrx_word' id='word_1_220' title='bbox 589 3507 605 3547; x_wconf 95' lang='lat' dir='ltr'>e</span> <span class='ocrx_word' id='word_1_221' title='bbox 621 3485 741 3549; x_wconf 88' lang='lat' dir='ltr'>vulnere</span> <span class='ocrx_word' id='word_1_222' title='bbox 760 3479 858 3543; x_wconf 78' lang='lat' dir='ltr'>traxit.</span> 
     </span>
    </p>
   </div>
   <div class='ocr_carea' id='block_1_3' title="bbox 0 0 1182 4110">
    <p class='ocr_par' dir='ltr' id='par_1_12' title="bbox 0 0 1182 4110">
     <span class='ocr_line' id='line_1_34' title="bbox 0 0 1182 4110; baseline 0 1"><span class='ocrx_word' id='word_1_223' title='bbox 0 0 1182 4110; x_wconf 95' lang='lat' dir='ltr'> </span> 
     </span>
    </p>
   </div>
  </div>
 </body>
</html>
