2356 4110
150 328 212 389 142
459 328 810 382 METAMORPHOSEON

149 484 191 547 Et
204 504 300 546 rerum
316 495 475 560 oausns,·et
488 481 559 566 quid
573 493 688 558 natum,
702 479 847 543 dooebut:

148 582 232 656 Quid
247 583 320 645 deus
332 603 341 658 ;
363 581 441 643 unde
456 580 561 657 nises3
584 600 648 663 que
662 577 791 641 fulminis
807 577 1007 662 emmenum
1090 584 1129 647 1⁰

148 681 275 763 Jupiter,
291 702 327 742 an
344 679 436 756 venti,
451 677 584 740 discussi
598 677 677 739 nube
693 690 850 753 tonarent3
1135 672 1138 678 ’

149 778 233 852 Quid
249 790 383 863 quateret
397 790 488 838 terras
501 798 509 851 ;
533 777 592 860 qui
606 774 701 837 sidem
715 775 782 856 lege
797 787 954 852 mearent;

149 876 190 939 Et
206 852 401 960 q'uodeunque
418 875 500 936 latet.
544 872 721 956 Primusque
730 871 872 934 ‘animalia
884 872 1001 935 mensis

148 974 256 1055 Arguit
271 972 381 1056 imponi
389 993 399 1034 ἐ
424 971 534 1056 primus
550 991 668 1054 quoque
682 969 788 1031 talibus
801 990 853 1031 ora

149 1070 249 1133 Docta
264 1070 384 1154 quidem
398 1068 565 1145 solntsed
580 1090 639 1130 non
654 1081 684 1129 et
698 1067 822 1144 credita,
838 1066 953 1128 verbis:
1087 1068 1123 1129 li

150 1167 297 1244 ‘Parcite
312 1167 460 1242 mortales,
475 1165 598 1248 dapibus
613 1178 758 1226 temerare
772 1162 906 1226 nefandis

149 1263 295 1347 Corpora.
340 1264 417 1326 Sunt
431 1262 539 1344 fruges,
549 1275 623 1324 ‘sunt
634 1262 812 1325 deducentia
820 1282 922 1324 minoe

149 1361 288 1424 Pondere
303 1380 391 1444 poma
405 1381 469 1435 suo,
485 1359 662 1442 tumidaeque
676 1359 707 1421 in
722 1360 829 1422 vitibus
842 1380 928 1422 uve:

150 1457 226 1520 Sunt
241 1459 337 1520 herbae
354 1457 471 1519 dulces:
495 1470 573 1533 sunt,
584 1476 658 1539 quae
673 1457 828 1520 mitescere
844 1455 978 1536 flammi,

149 1554 319 1640 Mollirique
335 1569 453 1641 queant.
498 1553 566 1618 illoc
583 1555 664 1617 vohis
676 1555 790 1619 laoteus
807 1555 915 1618 humor
1082 1556 1123 1618 m

150 1653 291 1736 Eripitur,
307 1675 363 1716 nec
378 1654 468 1716 mella
477 1653 578 1736 thymi
587 1652 886 1715 dedolentiarflorem.

149 1751 278 1834 Prodiga
294 1751 418 1828 divitias,
432 1751 630 1834 alimentaque
640 1751 728 1814 mitia
735 1751 828 1814 tellus

150 1848 303 1932 Suggerit:
328 1864 415 1932 atque
428 1849 534 1931 epulas
545 1849 612 1911 :sine
625 1848 708 1911 narde
718 1862 754 1911 et
764 1847 909 1930 sanguine
918 1847 1049 1931 pellet.

149 1945 250 2010 Carne
266 1946 334 2010 feru
343 1947 451 2011 sedant
461 1945 591 2031 jejunia:
614 1960 915 2028 noceamus-,munao
982 1987 984 1990 >

150 2042 275 2127 Quippe
290 2067 395 2129 equus,
411 2057 441 2106 et
455 2045 598 2127 pecudes,
607 2057 798 2128 armentaque
809 2044 939 2126 gramine
953 2044 1069 2107 vivunt.
1085 2044 1122 2107 25

149 2141 193 2203 At
208 2142 313 2224 quibus
326 2142 476 2222 ingenium
491 2155 535 2203 est
549 2142 849 2226 immansuetumque,
863 2141 1029 2227 serumque,

149 2238 357 2321 Armeniaque
372 2237 471 2319 tigres,
486 2237 675 2323 iracundique
690 2239 802 2314 leones,

150 2333 290 2418 Cumque
305 2334 381 2418 lupis
395 2335 464 2412 ursi,
480 2335 604 2418 dapibus
617 2335 842 2420 consanguine
856 2334 999 2417 gaudent.

150 2431 220 2494 Heu
236 2446 378 2515 quantum
392 2434 487 2495 scelus
502 2448 557 2510 est,
572 2434 602 2495 in
618 2433 730 2496 viscera
745 2433 859 2496 viscera
872 2433 973 2512 condi,

150 2528 362 2612 Congestoque
378 2529 843 2614 avidumpinguesnerereorpnne
858 2551 988 2614 eorpus;
1083 2529 1124 2590 30

151 2625 339 2709 Alteriusque
355 2625 533 2688 animantem
547 2628 701 2690 animantis
716 2628 815 2691 vivere
829 2628 911 2691 leto!

149 2722 270 2786 Scilicet
285 2724 314 2785 in
329 2723 416 2786 tantis
430 2724 547 2808 opibus,
562 2747 635 2809 quas
647 2725 761 2810 optima
775 2739 902 2788 matrum

148 2821 244 2884 Terra
259 2822 344 2906 parit,
360 2823 401 2885 nil
416 2836 446 2885 te
461 2823 516 2886 nisi
531 2823 622 2888 tristia
635 2823 776 2886 mandere
787 2844 869 2885 enm

151 2918 284 2980 Vulnera
298 2923 387 2983 dente
397 2920 638 3006 jurat,;ritnsque
649 2920 761 2984 resume
777 2919 971 3004 Cyelopum?

149 3013 179 3076 N
182 3037 227 3089 ee,
242 3016 296 3077 nisi
311 3018 470 3098 perdideris
485 3020 586 3096 alium,
601 3020 718 3103 placare
734 3018 858 3096 manis,
1080 3017 1126 3081 235

149 3112 191 3175 Et
206 3112 283 3174 male
298 3115 402 3175 morati
418 3116 527 3196 poteris
538 3115 651 3200 jejunia
668 3116 796 3180 ventris?

192 3212 235 3273 At
252 3224 335 3272 vetus
351 3211 399 3272 illa
414 3225 493 3288 aetas,
506 3213 556 3274 eui
572 3212 694 3277 fecimus
708 3215 812 3277 Aurea
825 3233 947 3291 nomen,

149 3307 285 3372 Foetibus
301 3309 496 3386 arboreis-et,
512 3312 707 3392 quushumus
722 3312 841 3390 educat,
854 3310 954 3377 herbis

149 3405 312 3471 Fortunata
327 3407 397 3472 suit:
414 3428 478 3471 nee
492 3407 596 3491 polluit
611 3430 662 3472 nra
675 3431 789 3474 eruore.

149 3501 238 3567 Tunc
253 3519 283 3568 et
298 3528 368 3569 aves
384 3520 452 3570 tute
465 3504 887 3592 mutireperaiirapmnffl
1082 3508 1131 3575 240
