2356 4110
495 334 604 384 LIBER
619 330 692 384 VIII.

103 481 158 545 Hic
171 505 246 560 nux,
262 483 313 545 hic
327 484 421 546 mixta
434 497 479 546 est
493 485 605 565 rugosis
619 485 716 547 carica
730 487 844 568 palmis,

101 579 268 663 Prunaqne,
284 592 315 641 et
329 580 359 641 in
374 580 479 663 patulis
493 580 656 643 redolentia
670 582 746 643 mala
760 584 902 660 canistris,

101 676 137 739 Et
152 678 189 739 de
206 677 360 760 purpureis
374 677 506 739 colleotae
521 678 627 740 vitibus
641 701 717 741 uvae.

101 774 251 838 Candidus
266 775 295 836 in
310 774 506 837 mediolanus
521 789 575 837 est.
621 774 719 859 Super
733 779 831 840 omnia
846 781 943 842 vultus
1013 784 1074 844 135

99 873 262 936 Accessere
276 873 362 935 boni:
385 893 442 934 nec
456 873 533 934 iners
548 894 720 957 pauperque
736 875 880 938 voluntas.

137 971 267 1047 Interea,
284 971 397 1054 quoties
412 971 550 1032 haustum
564 985 676 1033 cratera
691 972 799 1055 repleri

100 1069 209 1152 Sponte
225 1067 291 1145 sud,
306 1089 359 1151 per
373 1088 464 1151 seque
480 1068 580 1130 vident
594 1090 779 1131 succrescere
796 1070 873 1146 vina,

99 1166 222 1228 Attoniti
237 1165 368 1227 novitate
383 1178 503 1248 pavent,
518 1166 712 1250 manibusque
728 1166 838 1250 supinis

99 1262 279 1346 Concipiunt
293 1262 463 1346 Baucisque
479 1284 592 1346 preces,
607 1264 784 1348 timidusque
800 1263 976 1329 Philemon:
1012 1271 1073 1331 140

98 1359 136 1422 Et
151 1361 270 1422 veniam
285 1360 419 1443 dapibus,
433 1360 579 1443 nullisque
594 1362 741 1444 paratibus
756 1376 849 1425 orant.

136 1457 253 1520 Unicus
268 1479 353 1519 anser
367 1473 440 1533 erat,
455 1457 581 1519 minime
596 1459 730 1523 custodia
744 1460 836 1523 villae:

98 1554 199 1628 Quem
215 1554 260 1617 dis
275 1554 438 1638 hospitibus
454 1555 564 1617 domini
578 1569 707 1617 mactare
721 1557 878 1639 parabant:

97 1650 148 1714 llle
163 1653 244 1714 celer
259 1651 360 1735 pennai
374 1652 471 1714 tardos
486 1664 571 1714 aetate
586 1651 705 1735 satiga13

98 1749 259 1833 Eluditque
274 1750 340 1812 diu:
363 1750 542 1832 tandemque
557 1765 602 1812 est
613 1751 691 1814 visus
706 1752 742 1813 ad
757 1752 837 1835 ipsos
1011 1757 1071 1818 145

98 1847 273 1928 Confugisse
289 1847 371 1909 deos.
416 1845 523 1930 Superi
539 1849 660 1911 vetuere
675 1851 792 1926 necari3

97 1944 227 2029 “Dique
242 1965 362 2020 sumns3
382 1944 560 2028 meritasque
574 1947 637 2008 luet
653 1946 757 2008 vicinia
771 1967 875 2029 poenas

97 2042 221 2126 Impia,’'
238 2043 392 2105 dixerunt:
417 2049 436 2079 ‘⁴
449 2043 529 2105 vobis
543 2044 720 2107 immunibus
736 2043 822 2129 hujus

97 2138 170 2201 Esse
185 2141 254 2202 mali
270 2140 401 2202 dabitur:
424 2141 513 2203 modo
529 2155 624 2204 vestra
638 2143 792 2226 relinquite
807 2155 903 2219 tecta3

97 2237 142 2299 Ac
156 2252 270 2300 nostros
285 2239 424 2301 comitate
440 2239 563 2320 gradus3
586 2253 616 2301 et
630 2241 658 2302 in
671 2242 761 2303 ardua
771 2241 878 2303 montis
1010 2245 1071 2304 150

98 2332 139 2396 lte
154 2335 275 2397 simul.''
320 2335 431 2398 Parent
445 2336 543 2412 ambo,
558 2336 728 2420 baculisque
743 2338 831 2400 levati
1070 2335 1072 2341 ’

98 2431 237 2495 Nituntur
250 2434 338 2515 longo
354 2434 475 2516 vestigia
490 2455 599 2516 ponere
614 2434 702 2496 clivo.

136 2530 269 2592 Tantum
284 2532 403 2593 aberant
419 2553 545 2608 summo,
561 2545 701 2614 quantum
717 2533 810 2595 semel
824 2533 866 2595 ire
881 2532 985 2615 sagitta

98 2626 187 2689 Missa
202 2642 317 2711 potest:
341 2628 454 2690 flexere
470 2630 582 2707 oculos,
597 2643 628 2691 et
642 2652 737 2692 mersa
752 2631 860 2713 palude

99 2723 212 2787 Cetera
228 2726 425 2809 prospiciunt:
449 2726 563 2788 tantrlm
577 2749 630 2789 sua
644 2740 722 2789 tecta
737 2748 867 2788 manere.
1009 2729 1070 2789 155

99 2821 237 2906 Dumque
253 2845 289 2885 ea
303 2824 460 2901 mirantur;
482 2825 553 2886 dum
569 2825 681 2887 deflent
696 2823 754 2886 sata
768 2845 904 2885 suorum:

99 2917 147 2982 llla
163 2935 249 2982 vetus
265 2921 388 2982 dominis
403 2922 492 2984 etiarn
506 2943 575 2984 casa
589 2943 679 3004 parva
694 2921 819 2996 duobus,

101 3015 227 3081 Vertitur
242 3020 270 3080 in
287 3020 448 3101 templum:
471 3019 566 3082 surcas
581 3019 698 3082 subiere
712 3020 873 3082 columne:

101 3114 241 3178 Stramina
256 3116 438 3194 flavescunt;
461 3118 659 3201 adopertaque
674 3138 817 3180 marmore
832 3118 929 3193 tellus,

101 3211 273 3296 Celataeque
289 3212 376 3290 sores,
392 3228 550 3297 aurataque
565 3227 644 3276 tecta
659 3215 805 3278 videntur.
1009 3213 1069 3277 160

100 3309 179 3373 Talia
193 3333 263 3373 cum
279 3311 395 3393 placido
411 3311 562 3374 Saturnius
578 3311 669 3375 edidit
683 3334 751 3376 ore:

101 3415 116 3443 ‘⁶
125 3409 234 3486 Dicite,
246 3409 326 3493 juste
341 3432 446 3487 senex,
461 3422 492 3471 et
506 3408 626 3472 foemina
641 3409 768 3494 conjuge
778 3408 859 3493 justo

101 3503 203 3589 Digna,
220 3507 291 3591 quid
306 3507 448 3591 optetis.''
493 3504 573 3570 Cum
588 3505 723 3570 Baucide
738 3525 832 3589 pauca
846 3504 974 3581 locutus,
