<?xml version="1.0" encoding="UTF-8"?>
<!DOCTYPE html PUBLIC "-//W3C//DTD XHTML 1.0 Transitional//EN"
    "http://www.w3.org/TR/xhtml1/DTD/xhtml1-transitional.dtd">
<html xmlns="http://www.w3.org/1999/xhtml" xml:lang="en" lang="en">
 <head>
  <title>
</title>
<meta http-equiv="Content-Type" content="text/html;charset=utf-8" />
  <meta name='ocr-system' content='tesseract 3.04.00' />
  <meta name='ocr-capabilities' content='ocr_page ocr_carea ocr_par ocr_line ocrx_word'/>
</head>
<body>
  <div class='ocr_page' id='page_1' title='image "./excerptaexscrip00ovidgoog_0185.png"; bbox 0 0 2356 4110; ppageno 0'>
   <div class='ocr_carea' id='block_1_1' title="bbox 103 327 684 391">
    <p class='ocr_par' dir='ltr' id='par_1_1' title="bbox 103 327 684 391">
     <span class='ocr_line' id='line_1_1' title="bbox 103 327 684 391; baseline -0.009 -9"><span class='ocrx_word' id='word_1_1' title='bbox 103 329 165 391; x_wconf 81' lang='grc'>168</span> <span class='ocrx_word' id='word_1_2' title='bbox 493 327 684 381; x_wconf 63' lang='lat' dir='ltr'>[ennomus.</span> 
     </span>
    </p>
   </div>
   <div class='ocr_carea' id='block_1_2' title="bbox 44 478 977 3602">
    <p class='ocr_par' dir='ltr' id='par_1_2' title="bbox 98 478 808 663">
     <span class='ocr_line' id='line_1_2' title="bbox 98 478 783 564; baseline -0.01 -15"><span class='ocrx_word' id='word_1_3' title='bbox 98 484 143 548; x_wconf 92' lang='lat' dir='ltr'>Ut</span> <span class='ocrx_word' id='word_1_4' title='bbox 157 484 242 548; x_wconf 89' lang='lat' dir='ltr'>rediit</span> <span class='ocrx_word' id='word_1_5' title='bbox 257 503 381 559; x_wconf 87' lang='lat' dir='ltr'>ammos,</span> <span class='ocrx_word' id='word_1_6' title='bbox 396 482 505 564; x_wconf 87' lang='lat' dir='ltr'>pariter</span> <span class='ocrx_word' id='word_1_7' title='bbox 519 480 633 542; x_wconf 70' lang='lat' dir='ltr'>rediere</span> <span class='ocrx_word' id='word_1_8' title='bbox 648 478 783 555; x_wconf 87' lang='lat' dir='ltr'>dolores;</span> 
     </span>
     <span class='ocr_line' id='line_1_3' title="bbox 142 577 808 663; baseline -0.011 -18"><span class='ocrx_word' id='word_1_9' title='bbox 142 581 271 645; x_wconf 77' lang='lat' dir='ltr'>Pectora</span> <span class='ocrx_word' id='word_1_10' title='bbox 285 580 433 663; x_wconf 86' lang='lat' dir='ltr'>legitimus</span> <span class='ocrx_word' id='word_1_11' title='bbox 447 592 529 642; x_wconf 87' lang='lat' dir='ltr'>casta</span> <span class='ocrx_word' id='word_1_12' title='bbox 542 577 700 640; x_wconf 86' lang='lat' dir='ltr'><strong>momordit</strong></span> <span class='ocrx_word' id='word_1_13' title='bbox 715 598 808 639; x_wconf 90' lang='lat' dir='ltr'>amor.</span> 
     </span>
    </p>

    <p class='ocr_par' dir='ltr' id='par_1_3' title="bbox 100 675 880 858">
     <span class='ocr_line' id='line_1_4' title="bbox 100 675 880 762; baseline -0.006 -19"><span class='ocrx_word' id='word_1_14' title='bbox 100 679 130 743; x_wconf 90' lang='grc' dir='ltr'><strong>Ν</strong></span> <span class='ocrx_word' id='word_1_15' title='bbox 132 702 168 743; x_wconf 88' lang='lat' dir='ltr'>ee</span> <span class='ocrx_word' id='word_1_16' title='bbox 182 680 254 742; x_wconf 89' lang='lat' dir='ltr'>mihi</span> <span class='ocrx_word' id='word_1_17' title='bbox 270 678 433 762; x_wconf 86' lang='lat' dir='ltr'>pectendos</span> <span class='ocrx_word' id='word_1_18' title='bbox 447 699 518 740; x_wconf 87' lang='lat' dir='ltr'>cura</span> <span class='ocrx_word' id='word_1_19' title='bbox 532 690 578 739; x_wconf 91' lang='lat' dir='ltr'>est</span> <span class='ocrx_word' id='word_1_20' title='bbox 593 676 723 759; x_wconf 80' lang='lat' dir='ltr'>prebere</span> <span class='ocrx_word' id='word_1_21' title='bbox 738 675 880 758; x_wconf 82' lang='lat' dir='ltr'>capillos:</span> 
     </span>
     <span class='ocr_line' id='line_1_5' title="bbox 142 773 735 858; baseline -0.012 -17"><span class='ocrx_word' id='word_1_22' title='bbox 142 776 209 841; x_wconf 86' lang='lat' dir='ltr'>Nee</span> <span class='ocrx_word' id='word_1_23' title='bbox 224 778 296 839; x_wconf 91' lang='lat' dir='ltr'>libet</span> <span class='ocrx_word' id='word_1_24' title='bbox 311 775 413 839; x_wconf 73' lang='lat' dir='ltr'>aurati</span> <span class='ocrx_word' id='word_1_25' title='bbox 426 796 550 858; x_wconf 84' lang='lat' dir='ltr'>corpora</span> <span class='ocrx_word' id='word_1_26' title='bbox 565 787 648 836; x_wconf 88' lang='lat' dir='ltr'>veste</span> <span class='ocrx_word' id='word_1_27' title='bbox 664 773 735 855; x_wconf 84' lang='lat' dir='ltr'>tegi.</span> 
     </span>
    </p>

    <p class='ocr_par' dir='ltr' id='par_1_4' title="bbox 98 870 842 1055">
     <span class='ocr_line' id='line_1_6' title="bbox 98 870 842 959; baseline -0.007 -20"><span class='ocrx_word' id='word_1_28' title='bbox 98 873 144 940; x_wconf 91' lang='lat' dir='ltr'>Ut</span> <span class='ocrx_word' id='word_1_29' title='bbox 158 896 235 959; x_wconf 69' lang='lat' dir='ltr'>quas,</span> <span class='ocrx_word' id='word_1_30' title='bbox 245 873 406 958; x_wconf 65' lang='lat' dir='ltr'>pampinea</span> <span class='ocrx_word' id='word_1_31' title='bbox 420 873 550 955; x_wconf 85' lang='lat' dir='ltr'>tetigisse</span> <span class='ocrx_word' id='word_1_32' title='bbox 565 871 741 952; x_wconf 85' lang='lat' dir='ltr'>Bicorniger</span> <span class='ocrx_word' id='word_1_33' title='bbox 754 870 842 934; x_wconf 65' lang='lat' dir='ltr'>hasti</span> 
     </span>
     <span class='ocr_line' id='line_1_7' title="bbox 143 969 799 1055; baseline -0.008 -19"><span class='ocrx_word' id='word_1_34' title='bbox 143 971 284 1037; x_wconf 87' lang='lat' dir='ltr'>Creditur</span> <span class='ocrx_word' id='word_1_35' title='bbox 293 994 302 1050; x_wconf 85' lang='lat'>3</span> <span class='ocrx_word' id='word_1_36' title='bbox 324 973 383 1035; x_wconf 88' lang='lat' dir='ltr'>huc</span> <span class='ocrx_word' id='word_1_37' title='bbox 398 971 478 1049; x_wconf 86' lang='lat' dir='ltr'>illuc,</span> <span class='ocrx_word' id='word_1_38' title='bbox 495 970 554 1055; x_wconf 82' lang='lat' dir='ltr'>qud</span> <span class='ocrx_word' id='word_1_39' title='bbox 570 969 650 1031; x_wconf 82' lang='lat' dir='ltr'>furor</span> <span class='ocrx_word' id='word_1_40' title='bbox 663 969 734 1051; x_wconf 82' lang='lat' dir='ltr'>egit,</span> <span class='ocrx_word' id='word_1_41' title='bbox 749 989 799 1031; x_wconf 84' lang='lat' dir='ltr'>eo.</span> 
     </span>
    </p>

    <p class='ocr_par' dir='ltr' id='par_1_5' title="bbox 100 1066 908 1250">
     <span class='ocr_line' id='line_1_8' title="bbox 100 1066 908 1152; baseline -0.007 -17"><span class='ocrx_word' id='word_1_42' title='bbox 100 1070 294 1135; x_wconf 86' lang='lat' dir='ltr'>Conveniunt</span> <span class='ocrx_word' id='word_1_43' title='bbox 310 1083 416 1132; x_wconf 86' lang='lat' dir='ltr'>matres</span> <span class='ocrx_word' id='word_1_44' title='bbox 431 1068 617 1152; x_wconf 87' lang='lat' dir='ltr'>Phylleides,</span> <span class='ocrx_word' id='word_1_45' title='bbox 633 1081 663 1130; x_wconf 90' lang='lat' dir='ltr'>et</span> <span class='ocrx_word' id='word_1_46' title='bbox 678 1066 750 1128; x_wconf 92' lang='lat' dir='ltr'>mihi</span> <span class='ocrx_word' id='word_1_47' title='bbox 765 1066 908 1145; x_wconf 85' lang='lat' dir='ltr'>clamant,</span> 
     </span>
     <span class='ocr_line' id='line_1_9' title="bbox 143 1163 701 1250; baseline -0.013 -18"><span class='ocrx_word' id='word_1_48' title='bbox 143 1169 256 1232; x_wconf 92' lang='lat' dir='ltr'>‘Indue</span> <span class='ocrx_word' id='word_1_49' title='bbox 271 1168 396 1250; x_wconf 75' lang='lat' dir='ltr'>regales,</span> <span class='ocrx_word' id='word_1_50' title='bbox 411 1165 585 1242; x_wconf 79' lang='lat' dir='ltr'>Laodamia,</span> <span class='ocrx_word' id='word_1_51' title='bbox 599 1163 701 1226; x_wconf 89' lang='lat' dir='ltr'>sinus.&#39;</span> 
     </span>
    </p>

    <p class='ocr_par' dir='ltr' id='par_1_6' title="bbox 98 1263 827 1442">
     <span class='ocr_line' id='line_1_10' title="bbox 98 1263 827 1349; baseline -0.008 -18"><span class='ocrx_word' id='word_1_52' title='bbox 98 1268 219 1331; x_wconf 86' lang='lat' dir='ltr'>Scilicet</span> <span class='ocrx_word' id='word_1_53' title='bbox 233 1268 297 1349; x_wconf 89' lang='lat' dir='ltr'>ipsa</span> <span class='ocrx_word' id='word_1_54' title='bbox 311 1286 412 1346; x_wconf 84' lang='lat' dir='ltr'>geram</span> <span class='ocrx_word' id='word_1_55' title='bbox 426 1278 568 1326; x_wconf 87' lang='lat' dir='ltr'>saturatas</span> <span class='ocrx_word' id='word_1_56' title='bbox 582 1263 693 1324; x_wconf 88' lang='lat' dir='ltr'>murice</span> <span class='ocrx_word' id='word_1_57' title='bbox 709 1274 827 1325; x_wconf 88' lang='lat' dir='ltr'>vestes:</span> 
     </span>
     <span class='ocr_line' id='line_1_11' title="bbox 141 1360 753 1442; baseline -0.007 -16"><span class='ocrx_word' id='word_1_58' title='bbox 141 1363 231 1426; x_wconf 86' lang='lat' dir='ltr'>Bella</span> <span class='ocrx_word' id='word_1_59' title='bbox 245 1362 299 1425; x_wconf 91' lang='lat' dir='ltr'>sub</span> <span class='ocrx_word' id='word_1_60' title='bbox 315 1360 410 1424; x_wconf 88' lang='lat' dir='ltr'>lliacis</span> <span class='ocrx_word' id='word_1_61' title='bbox 424 1361 571 1423; x_wconf 88' lang='lat' dir='ltr'>moenibus</span> <span class='ocrx_word' id='word_1_62' title='bbox 586 1360 635 1422; x_wconf 92' lang='lat' dir='ltr'>ille</span> <span class='ocrx_word' id='word_1_63' title='bbox 650 1361 753 1442; x_wconf 83' lang='lat' dir='ltr'>gerat?</span> 
     </span>
    </p>

    <p class='ocr_par' dir='ltr' id='par_1_7' title="bbox 98 1458 884 1642">
     <span class='ocr_line' id='line_1_12' title="bbox 98 1458 884 1543; baseline -0.003 -19"><span class='ocrx_word' id='word_1_64' title='bbox 98 1460 167 1524; x_wconf 91' lang='lat' dir='ltr'>Insa</span> <span class='ocrx_word' id='word_1_65' title='bbox 181 1482 281 1523; x_wconf 90' lang='lat' dir='ltr'>comas</span> <span class='ocrx_word' id='word_1_66' title='bbox 296 1472 414 1543; x_wconf 89' lang='lat' dir='ltr'>pectar:</span> <span class='ocrx_word' id='word_1_67' title='bbox 438 1458 525 1541; x_wconf 69' lang='lat' dir='ltr'>golei</span> <span class='ocrx_word' id='word_1_68' title='bbox 538 1471 629 1541; x_wconf 88' lang='lat' dir='ltr'>caput</span> <span class='ocrx_word' id='word_1_69' title='bbox 643 1458 692 1519; x_wconf 93' lang='lat' dir='ltr'>ille</span> <span class='ocrx_word' id='word_1_70' title='bbox 708 1461 884 1540; x_wconf 84' lang='lat' dir='ltr'>prematur?</span> 
     </span>
     <span class='ocr_line' id='line_1_13' title="bbox 141 1555 812 1642; baseline -0.001 -22"><span class='ocrx_word' id='word_1_71' title='bbox 141 1557 211 1642; x_wconf 91' lang='lat' dir='ltr'>lpsa</span> <span class='ocrx_word' id='word_1_72' title='bbox 225 1579 317 1620; x_wconf 88' lang='lat' dir='ltr'>novas</span> <span class='ocrx_word' id='word_1_73' title='bbox 333 1571 448 1619; x_wconf 90' lang='lat' dir='ltr'>vestes:</span> <span class='ocrx_word' id='word_1_74' title='bbox 473 1556 546 1618; x_wconf 87' lang='lat' dir='ltr'>dura</span> <span class='ocrx_word' id='word_1_75' title='bbox 562 1555 606 1618; x_wconf 90' lang='lat' dir='ltr'>vir</span> <span class='ocrx_word' id='word_1_76' title='bbox 620 1576 700 1617; x_wconf 86' lang='lat' dir='ltr'>arma</span> <span class='ocrx_word' id='word_1_77' title='bbox 715 1555 812 1619; x_wconf 84' lang='lat' dir='ltr'>serat?</span> 
     </span>
    </p>

    <p class='ocr_par' dir='ltr' id='par_1_8' title="bbox 99 1654 831 1835">
     <span class='ocr_line' id='line_1_14' title="bbox 99 1654 805 1739; baseline 0 -21"><span class='ocrx_word' id='word_1_78' title='bbox 99 1655 173 1729; x_wconf 67' lang='lat' dir='ltr'>Qud</span> <span class='ocrx_word' id='word_1_79' title='bbox 188 1676 318 1739; x_wconf 91' lang='lat' dir='ltr'>possum,</span> <span class='ocrx_word' id='word_1_80' title='bbox 333 1656 467 1739; x_wconf 86' lang='lat' dir='ltr'>squalore</span> <span class='ocrx_word' id='word_1_81' title='bbox 483 1668 548 1716; x_wconf 90' lang='lat' dir='ltr'>tuos</span> <span class='ocrx_word' id='word_1_82' title='bbox 563 1654 675 1716; x_wconf 89' lang='lat' dir='ltr'>imitata</span> <span class='ocrx_word' id='word_1_83' title='bbox 689 1654 805 1718; x_wconf 86' lang='lat' dir='ltr'>labores</span> 
     </span>
     <span class='ocr_line' id='line_1_15' title="bbox 141 1751 831 1835; baseline -0.001 -19"><span class='ocrx_word' id='word_1_84' title='bbox 141 1753 249 1816; x_wconf 87' lang='lat' dir='ltr'>Dicar:</span> <span class='ocrx_word' id='word_1_85' title='bbox 274 1766 305 1816; x_wconf 89' lang='lat' dir='ltr'>et</span> <span class='ocrx_word' id='word_1_86' title='bbox 319 1754 382 1815; x_wconf 89' lang='lat' dir='ltr'>haec</span> <span class='ocrx_word' id='word_1_87' title='bbox 397 1753 466 1815; x_wconf 92' lang='lat' dir='ltr'>belli</span> <span class='ocrx_word' id='word_1_88' title='bbox 481 1765 615 1835; x_wconf 83' lang='lat' dir='ltr'>tempora</span> <span class='ocrx_word' id='word_1_89' title='bbox 629 1751 717 1813; x_wconf 87' lang='lat' dir='ltr'>tristis</span> <span class='ocrx_word' id='word_1_90' title='bbox 733 1773 831 1834; x_wconf 85' lang='lat' dir='ltr'>agam.</span> 
     </span>
    </p>

    <p class='ocr_par' dir='ltr' id='par_1_9' title="bbox 98 1849 913 2032">
     <span class='ocr_line' id='line_1_16' title="bbox 98 1849 843 1928; baseline -0.003 -13"><span class='ocrx_word' id='word_1_91' title='bbox 98 1851 173 1914; x_wconf 84' lang='lat' dir='ltr'>Dux</span> <span class='ocrx_word' id='word_1_92' title='bbox 189 1851 258 1915; x_wconf 89' lang='lat' dir='ltr'>Pari</span> <span class='ocrx_word' id='word_1_93' title='bbox 273 1850 434 1928; x_wconf 80' lang='lat' dir='ltr'>Priamide,</span> <span class='ocrx_word' id='word_1_94' title='bbox 449 1851 558 1912; x_wconf 91' lang='lat' dir='ltr'>damno</span> <span class='ocrx_word' id='word_1_95' title='bbox 573 1849 699 1912; x_wconf 84' lang='lat' dir='ltr'>formose</span> <span class='ocrx_word' id='word_1_96' title='bbox 714 1864 843 1928; x_wconf 89' lang='lat' dir='ltr'>tuorum,</span> 
     </span>
     <span class='ocr_line' id='line_1_17' title="bbox 140 1947 913 2032; baseline -0.001 -19"><span class='ocrx_word' id='word_1_97' title='bbox 140 1949 219 2013; x_wconf 88' lang='lat' dir='ltr'>Tam</span> <span class='ocrx_word' id='word_1_98' title='bbox 234 1950 272 2013; x_wconf 92' lang='lat' dir='ltr'>sis</span> <span class='ocrx_word' id='word_1_99' title='bbox 288 1949 379 2012; x_wconf 90' lang='lat' dir='ltr'>hostis</span> <span class='ocrx_word' id='word_1_100' title='bbox 394 1950 482 2026; x_wconf 87' lang='lat' dir='ltr'>iners,</span> <span class='ocrx_word' id='word_1_101' title='bbox 498 1948 587 2032; x_wconf 74' lang='lat' dir='ltr'>quim</span> <span class='ocrx_word' id='word_1_102' title='bbox 602 1947 696 2009; x_wconf 87' lang='lat' dir='ltr'>malus</span> <span class='ocrx_word' id='word_1_103' title='bbox 712 1947 823 2032; x_wconf 85' lang='lat' dir='ltr'>hospes</span> <span class='ocrx_word' id='word_1_104' title='bbox 836 1969 913 2012; x_wconf 84' lang='lat' dir='ltr'>eras.</span> 
     </span>
    </p>

    <p class='ocr_par' dir='ltr' id='par_1_10' title="bbox 98 2044 776 2227">
     <span class='ocr_line' id='line_1_18' title="bbox 98 2044 776 2128; baseline -0.004 -18"><span class='ocrx_word' id='word_1_105' title='bbox 98 2049 162 2110; x_wconf 84' lang='lat' dir='ltr'>Aut</span> <span class='ocrx_word' id='word_1_106' title='bbox 177 2061 207 2110; x_wconf 90' lang='lat' dir='ltr'>te</span> <span class='ocrx_word' id='word_1_107' title='bbox 222 2047 365 2110; x_wconf 80' lang='lat' dir='ltr'>Tenarie</span> <span class='ocrx_word' id='word_1_108' title='bbox 381 2046 488 2109; x_wconf 82' lang='lat' dir='ltr'>faciem</span> <span class='ocrx_word' id='word_1_109' title='bbox 502 2045 640 2128; x_wconf 77' lang='lat' dir='ltr'>culpisse</span> <span class='ocrx_word' id='word_1_110' title='bbox 655 2044 776 2121; x_wconf 80' lang='lat' dir='ltr'>marite,</span> 
     </span>
     <span class='ocr_line' id='line_1_19' title="bbox 141 2145 688 2227; baseline -0.004 -20"><span class='ocrx_word' id='word_1_111' title='bbox 141 2146 204 2208; x_wconf 91' lang='lat' dir='ltr'>Aut</span> <span class='ocrx_word' id='word_1_112' title='bbox 219 2146 260 2207; x_wconf 90' lang='lat' dir='ltr'>illi</span> <span class='ocrx_word' id='word_1_113' title='bbox 276 2146 383 2207; x_wconf 91' lang='lat' dir='ltr'>vellem</span> <span class='ocrx_word' id='word_1_114' title='bbox 399 2145 580 2227; x_wconf 90' lang='lat' dir='ltr'>displicuisse</span> <span class='ocrx_word' id='word_1_115' title='bbox 595 2158 688 2206; x_wconf 88' lang='lat' dir='ltr'>tuam.</span> 
     </span>
    </p>

    <p class='ocr_par' dir='ltr' id='par_1_11' title="bbox 44 2243 849 2427">
     <span class='ocr_line' id='line_1_20' title="bbox 44 2243 849 2328; baseline 0.001 -21"><span class='ocrx_word' id='word_1_116' title='bbox 44 2280 46 2283; x_wconf 95' lang='lat'>·</span> <span class='ocrx_word' id='word_1_117' title='bbox 97 2244 160 2322; x_wconf 90' lang='lat' dir='ltr'>Tu,</span> <span class='ocrx_word' id='word_1_118' title='bbox 176 2246 224 2328; x_wconf 92' lang='lat' dir='ltr'>qui</span> <span class='ocrx_word' id='word_1_119' title='bbox 242 2266 294 2328; x_wconf 89' lang='lat' dir='ltr'>pro</span> <span class='ocrx_word' id='word_1_120' title='bbox 309 2243 395 2328; x_wconf 75' lang='lat' dir='ltr'>repul</span> <span class='ocrx_word' id='word_1_121' title='bbox 408 2245 541 2322; x_wconf 81' lang='lat' dir='ltr'>nimium,</span> <span class='ocrx_word' id='word_1_122' title='bbox 556 2243 708 2322; x_wconf 60' lang='lat' dir='ltr'>Menelai,</span> <span class='ocrx_word' id='word_1_123' title='bbox 723 2245 849 2323; x_wconf 84' lang='lat' dir='ltr'>laboras,</span> 
     </span>
     <span class='ocr_line' id='line_1_21' title="bbox 141 2341 818 2427; baseline 0.003 -23"><span class='ocrx_word' id='word_1_124' title='bbox 141 2341 201 2405; x_wconf 91' lang='lat' dir='ltr'>Hei</span> <span class='ocrx_word' id='word_1_125' title='bbox 216 2342 300 2420; x_wconf 88' lang='lat' dir='ltr'>mihi,</span> <span class='ocrx_word' id='word_1_126' title='bbox 316 2344 405 2427; x_wconf 78' lang='lat' dir='ltr'>quim</span> <span class='ocrx_word' id='word_1_127' title='bbox 419 2343 518 2405; x_wconf 86' lang='lat' dir='ltr'>multis</span> <span class='ocrx_word' id='word_1_128' title='bbox 533 2342 637 2404; x_wconf 90' lang='lat' dir='ltr'>flebilis</span> <span class='ocrx_word' id='word_1_129' title='bbox 652 2343 730 2404; x_wconf 89' lang='lat' dir='ltr'>ultor</span> <span class='ocrx_word' id='word_1_130' title='bbox 743 2343 818 2406; x_wconf 89' lang='lat' dir='ltr'>eris!</span> 
     </span>
    </p>

    <p class='ocr_par' dir='ltr' id='par_1_12' title="bbox 99 2440 865 2601">
     <span class='ocr_line' id='line_1_22' title="bbox 99 2440 865 2524; baseline 0.001 -21"><span class='ocrx_word' id='word_1_131' title='bbox 99 2440 152 2518; x_wconf 88' lang='lat' dir='ltr'>Di,</span> <span class='ocrx_word' id='word_1_132' title='bbox 168 2462 282 2524; x_wconf 85' lang='lat' dir='ltr'>precor,</span> <span class='ocrx_word' id='word_1_133' title='bbox 298 2441 414 2503; x_wconf 89' lang='lat' dir='ltr'>anobis</span> <span class='ocrx_word' id='word_1_134' title='bbox 429 2463 517 2503; x_wconf 91' lang='lat' dir='ltr'>omen</span> <span class='ocrx_word' id='word_1_135' title='bbox 533 2455 686 2503; x_wconf 88' lang='lat' dir='ltr'>removete</span> <span class='ocrx_word' id='word_1_136' title='bbox 700 2441 865 2504; x_wconf 87' lang='lat' dir='ltr'>sinistrum:</span> 
     </span>
     <span class='ocr_line' id='line_1_23' title="bbox 141 2537 777 2601; baseline 0.002 -2"><span class='ocrx_word' id='word_1_137' title='bbox 141 2537 183 2599; x_wconf 88' lang='lat' dir='ltr'>Et</span> <span class='ocrx_word' id='word_1_138' title='bbox 197 2559 249 2599; x_wconf 89' lang='lat' dir='ltr'>sna</span> <span class='ocrx_word' id='word_1_139' title='bbox 264 2539 314 2601; x_wconf 91' lang='lat' dir='ltr'>det</span> <span class='ocrx_word' id='word_1_140' title='bbox 329 2539 430 2601; x_wconf 90' lang='lat' dir='ltr'>reduci</span> <span class='ocrx_word' id='word_1_141' title='bbox 444 2539 488 2600; x_wconf 88' lang='lat' dir='ltr'>vir</span> <span class='ocrx_word' id='word_1_142' title='bbox 502 2560 587 2600; x_wconf 90' lang='lat' dir='ltr'>meus</span> <span class='ocrx_word' id='word_1_143' title='bbox 602 2560 682 2601; x_wconf 88' lang='lat' dir='ltr'>anna</span> <span class='ocrx_word' id='word_1_144' title='bbox 696 2537 777 2601; x_wconf 85' lang='lat' dir='ltr'>lovi.</span> 
     </span>
    </p>

    <p class='ocr_par' dir='ltr' id='par_1_13' title="bbox 97 2635 892 2818">
     <span class='ocr_line' id='line_1_24' title="bbox 97 2635 892 2720; baseline 0.003 -22"><span class='ocrx_word' id='word_1_145' title='bbox 97 2636 159 2698; x_wconf 87' lang='lat' dir='ltr'>Sed</span> <span class='ocrx_word' id='word_1_146' title='bbox 175 2636 282 2697; x_wconf 89' lang='lat' dir='ltr'>timeo:</span> <span class='ocrx_word' id='word_1_147' title='bbox 307 2635 480 2720; x_wconf 90' lang='lat' dir='ltr'>quotiesque</span> <span class='ocrx_word' id='word_1_148' title='bbox 496 2636 573 2697; x_wconf 90' lang='lat' dir='ltr'>subit</span> <span class='ocrx_word' id='word_1_149' title='bbox 589 2635 752 2699; x_wconf 86' lang='lat' dir='ltr'>miserabile</span> <span class='ocrx_word' id='word_1_150' title='bbox 769 2636 892 2715; x_wconf 85' lang='lat' dir='ltr'>bellum,</span> 
     </span>
     <span class='ocr_line' id='line_1_25' title="bbox 140 2731 837 2818; baseline 0 -22"><span class='ocrx_word' id='word_1_151' title='bbox 140 2731 227 2796; x_wconf 89' lang='lat' dir='ltr'>More</span> <span class='ocrx_word' id='word_1_152' title='bbox 242 2735 328 2811; x_wconf 75' lang='lat' dir='ltr'>niviS,</span> <span class='ocrx_word' id='word_1_153' title='bbox 344 2735 492 2818; x_wconf 86' lang='lat' dir='ltr'>laerymae,</span> <span class='ocrx_word' id='word_1_154' title='bbox 507 2735 569 2796; x_wconf 86' lang='lat' dir='ltr'>sole</span> <span class='ocrx_word' id='word_1_155' title='bbox 584 2734 740 2812; x_wconf 88' lang='lat' dir='ltr'>madentis,</span> <span class='ocrx_word' id='word_1_156' title='bbox 755 2748 837 2797; x_wconf 89' lang='lat' dir='ltr'>eunt.</span> 
     </span>
    </p>

    <p class='ocr_par' dir='ltr' id='par_1_14' title="bbox 97 2831 919 3015">
     <span class='ocr_line' id='line_1_26' title="bbox 97 2831 919 2916; baseline 0.001 -21"><span class='ocrx_word' id='word_1_157' title='bbox 97 2832 172 2895; x_wconf 90' lang='lat' dir='ltr'>llion</span> <span class='ocrx_word' id='word_1_158' title='bbox 188 2847 218 2896; x_wconf 88' lang='lat' dir='ltr'>et</span> <span class='ocrx_word' id='word_1_159' title='bbox 232 2832 384 2911; x_wconf 89' lang='lat' dir='ltr'>Tenedos,</span> <span class='ocrx_word' id='word_1_160' title='bbox 399 2833 579 2916; x_wconf 88' lang='lat' dir='ltr'>Simoisque,</span> <span class='ocrx_word' id='word_1_161' title='bbox 595 2845 625 2894; x_wconf 91' lang='lat' dir='ltr'>et</span> <span class='ocrx_word' id='word_1_162' title='bbox 641 2831 792 2910; x_wconf 84' lang='lat' dir='ltr'>Xanthus,</span> <span class='ocrx_word' id='word_1_163' title='bbox 808 2846 839 2895; x_wconf 90' lang='lat' dir='ltr'>et</span> <span class='ocrx_word' id='word_1_164' title='bbox 853 2832 919 2912; x_wconf 89' lang='lat' dir='ltr'>lde,</span> 
     </span>
     <span class='ocr_line' id='line_1_27' title="bbox 140 2930 765 3015; baseline -0.002 -22"><span class='ocrx_word' id='word_1_165' title='bbox 140 2930 269 2993; x_wconf 87' lang='lat' dir='ltr'>Nomina</span> <span class='ocrx_word' id='word_1_166' title='bbox 284 2945 352 2993; x_wconf 91' lang='lat' dir='ltr'>sunt</span> <span class='ocrx_word' id='word_1_167' title='bbox 366 2932 430 3015; x_wconf 92' lang='lat' dir='ltr'>ipso</span> <span class='ocrx_word' id='word_1_168' title='bbox 445 2932 523 3015; x_wconf 79' lang='lat' dir='ltr'>pen&#39;e</span> <span class='ocrx_word' id='word_1_169' title='bbox 539 2930 669 2992; x_wconf 84' lang='lat' dir='ltr'>timenda</span> <span class='ocrx_word' id='word_1_170' title='bbox 683 2952 765 2992; x_wconf 88' lang='lat' dir='ltr'>sono.</span> 
     </span>
    </p>

    <p class='ocr_par' dir='ltr' id='par_1_15' title="bbox 97 3025 848 3207">
     <span class='ocr_line' id='line_1_28' title="bbox 97 3025 848 3111; baseline 0.004 -23"><span class='ocrx_word' id='word_1_171' title='bbox 97 3025 164 3088; x_wconf 88' lang='lat' dir='ltr'>Nee</span> <span class='ocrx_word' id='word_1_172' title='bbox 179 3049 282 3109; x_wconf 87' lang='lat' dir='ltr'>rapere</span> <span class='ocrx_word' id='word_1_173' title='bbox 297 3049 430 3104; x_wconf 86' lang='lat' dir='ltr'>ausurus,</span> <span class='ocrx_word' id='word_1_174' title='bbox 445 3029 500 3091; x_wconf 92' lang='lat' dir='ltr'>nisi</span> <span class='ocrx_word' id='word_1_175' title='bbox 515 3050 547 3090; x_wconf 92' lang='lat' dir='ltr'>se</span> <span class='ocrx_word' id='word_1_176' title='bbox 563 3027 721 3090; x_wconf 81' lang='lat' dir='ltr'>defendere</span> <span class='ocrx_word' id='word_1_177' title='bbox 738 3042 848 3111; x_wconf 88' lang='lat' dir='ltr'>posset,</span> 
     </span>
     <span class='ocr_line' id='line_1_29' title="bbox 140 3123 749 3207; baseline 0.002 -21"><span class='ocrx_word' id='word_1_178' title='bbox 140 3123 259 3207; x_wconf 89' lang='lat' dir='ltr'>Hospes</span> <span class='ocrx_word' id='word_1_179' title='bbox 275 3140 354 3187; x_wconf 87' lang='lat' dir='ltr'>erat:</span> <span class='ocrx_word' id='word_1_180' title='bbox 379 3126 455 3186; x_wconf 88' lang='lat' dir='ltr'>vires</span> <span class='ocrx_word' id='word_1_181' title='bbox 471 3139 593 3189; x_wconf 89' lang='lat' dir='ltr'>noverat</span> <span class='ocrx_word' id='word_1_182' title='bbox 607 3127 656 3189; x_wconf 89' lang='lat' dir='ltr'>ille</span> <span class='ocrx_word' id='word_1_183' title='bbox 672 3146 749 3187; x_wconf 90' lang='lat' dir='ltr'>suas.</span> 
     </span>
    </p>

    <p class='ocr_par' dir='ltr' id='par_1_16' title="bbox 98 3221 853 3405">
     <span class='ocr_line' id='line_1_30' title="bbox 98 3221 853 3309; baseline 0.003 -25"><span class='ocrx_word' id='word_1_184' title='bbox 98 3221 230 3285; x_wconf 88' lang='lat' dir='ltr'>Venerat</span> <span class='ocrx_word' id='word_1_185' title='bbox 248 3221 295 3309; x_wconf 90' lang='lat' dir='ltr'>(nt</span> <span class='ocrx_word' id='word_1_186' title='bbox 310 3221 387 3284; x_wconf 84' lang='lat' dir='ltr'>sama</span> <span class='ocrx_word' id='word_1_187' title='bbox 403 3227 462 3307; x_wconf 88' lang='lat' dir='ltr'>est)</span> <span class='ocrx_word' id='word_1_188' title='bbox 480 3225 573 3286; x_wconf 86' lang='lat' dir='ltr'>multo</span> <span class='ocrx_word' id='word_1_189' title='bbox 588 3223 756 3308; x_wconf 88' lang='lat' dir='ltr'>spectabilis</span> <span class='ocrx_word' id='word_1_190' title='bbox 771 3244 853 3301; x_wconf 87' lang='lat' dir='ltr'>auro,</span> 
     </span>
     <span class='ocr_line' id='line_1_31' title="bbox 140 3319 834 3405; baseline 0.001 -23"><span class='ocrx_word' id='word_1_191' title='bbox 140 3319 263 3404; x_wconf 85' lang='lat' dir='ltr'>Quique</span> <span class='ocrx_word' id='word_1_192' title='bbox 278 3341 332 3382; x_wconf 92' lang='lat' dir='ltr'>suo</span> <span class='ocrx_word' id='word_1_193' title='bbox 347 3319 494 3402; x_wconf 84' lang='lat' dir='ltr'>Phrygias</span> <span class='ocrx_word' id='word_1_194' title='bbox 509 3343 632 3404; x_wconf 91' lang='lat' dir='ltr'>corpore</span> <span class='ocrx_word' id='word_1_195' title='bbox 648 3321 735 3384; x_wconf 84' lang='lat' dir='ltr'>ferret</span> <span class='ocrx_word' id='word_1_196' title='bbox 750 3343 834 3405; x_wconf 92' lang='lat' dir='ltr'>opes.</span> 
     </span>
    </p>

    <p class='ocr_par' dir='ltr' id='par_1_17' title="bbox 97 3417 977 3602">
     <span class='ocr_line' id='line_1_32' title="bbox 97 3417 971 3503; baseline 0.006 -24"><span class='ocrx_word' id='word_1_197' title='bbox 97 3417 203 3480; x_wconf 87' lang='lat' dir='ltr'>Classe</span> <span class='ocrx_word' id='word_1_198' title='bbox 219 3419 346 3503; x_wconf 87' lang='lat' dir='ltr'>virisque</span> <span class='ocrx_word' id='word_1_199' title='bbox 362 3432 479 3502; x_wconf 78' lang='lat' dir='ltr'>potenS,</span> <span class='ocrx_word' id='word_1_200' title='bbox 495 3439 625 3503; x_wconf 81' lang='lat' dir='ltr'>perque</span> <span class='ocrx_word' id='word_1_201' title='bbox 643 3419 704 3482; x_wconf 90' lang='lat' dir='ltr'>sera</span> <span class='ocrx_word' id='word_1_202' title='bbox 717 3421 796 3482; x_wconf 89' lang='lat' dir='ltr'>bella</span> <span class='ocrx_word' id='word_1_203' title='bbox 810 3434 971 3502; x_wconf 84' lang='lat' dir='ltr'>geruntur:</span> 
     </span>
     <span class='ocr_line' id='line_1_33' title="bbox 140 3505 977 3602; baseline 0.005 -25"><span class='ocrx_word' id='word_1_204' title='bbox 140 3514 181 3578; x_wconf 84' lang='lat' dir='ltr'>Et</span> <span class='ocrx_word' id='word_1_205' title='bbox 195 3516 326 3600; x_wconf 88' lang='lat' dir='ltr'>seqnitur</span> <span class='ocrx_word' id='word_1_206' title='bbox 340 3516 421 3598; x_wconf 84' lang='lat' dir='ltr'>regni</span> <span class='ocrx_word' id='word_1_207' title='bbox 436 3536 503 3600; x_wconf 87' lang='lat' dir='ltr'>pars</span> <span class='ocrx_word' id='word_1_208' title='bbox 519 3532 726 3602; x_wconf 86' lang='lat' dir='ltr'>quotacunque</span> <span class='ocrx_word' id='word_1_209' title='bbox 741 3518 793 3580; x_wconf 69' lang='lat' dir='ltr'>sui,</span> <span class='ocrx_word' id='word_1_210' title='bbox 974 3505 977 3509; x_wconf 37' lang='grc'>’</span> 
     </span>
    </p>
   </div>
   <div class='ocr_carea' id='block_1_3' title="bbox 0 0 1182 4110">
    <p class='ocr_par' dir='ltr' id='par_1_18' title="bbox 0 0 1182 4110">
     <span class='ocr_line' id='line_1_34' title="bbox 0 0 1182 4110; baseline 0 0"><span class='ocrx_word' id='word_1_211' title='bbox 0 0 1182 4110; x_wconf 95' lang='lat' dir='ltr'> </span> 
     </span>
    </p>
   </div>
  </div>
 </body>
</html>
