2356 4110
464 186 484 241 p

842 242 855 310 ,1

141 372 182 431 18
449 377 796 428 Maramonruosaon

139 534 148 564 ‘
157 526 228 605 Fer,
243 527 346 610 pater‚'
362 528 466 612 inquit,
482 535 490 564 ‘
499 550 606 611 opem3
627 530 651 590 si
666 528 787 590 flumina
801 550 910 591 numen
925 529 1066 593 habetis.’

139 624 201 687 Vix
215 648 306 709 prece
320 626 411 702 finita,
425 641 526 708 torpor
539 628 634 708 gravis
649 628 746 708 alligat
761 644 857 689 artus:
1050 633 1112 694 491

137 721 242 784 Mollia
256 723 412 806 cinguntur
425 724 508 785 tenui
522 725 681 806 precordia
695 724 784 786 libro:

137 818 172 882 In
187 818 319 883 frondem
334 821 439 898 crines,
454 822 484 883 in
499 843 595 883 ramos
610 821 729 883 brachia
742 835 889 884 creseunt.

136 916 208 995 Pes,
222 918 387 981 modiatam
401 919 501 996 velox,
516 919 604 1002 pigris
619 920 764 981 radicibus
779 919 886 981 haeret:

137 1014 200 1077 Ora
213 1037 356 1079 cacumen
370 1016 450 1079 obit:
472 1031 606 1079 remanet
619 1017 696 1079 nitor
709 1038 785 1079 unus
800 1017 829 1078 in
844 1016 904 1078 illa.
1050 1021 1116 1080 495

137 1111 198 1176 Cui
212 1114 295 1190 deus,
311 1113 372 1177 ‘At
385 1113 496 1198 conjux
512 1115 650 1197 quoniam
664 1136 732 1176 mea
746 1137 805 1175 non
820 1127 905 1196 potes
921 1135 999 1191 esse,

136 1211 234 1274 Arbor
248 1211 304 1273 eris
319 1211 422 1288 certe?
437 1212 521 1288 dixit,
537 1218 632 1273 ‘mea
678 1211 804 1294 Semper
818 1211 969 1274 habebunt

23 1344 26 1349 ·
136 1307 184 1369 Te
199 1330 295 1385 coma,
309 1321 339 1370 te
354 1308 483 1385 cithare,
498 1322 528 1370 te
543 1322 658 1384 nostrae,
673 1310 765 1384 laure,
780 1309 935 1392 pharetra.

136 1404 187 1467 'I'u
202 1406 325 1468 ducibus
339 1405 433 1468 Latiis
448 1406 552 1483 aderiS,
567 1407 634 1468 crim
650 1408 716 1469 laeta
730 1407 912 1490 triumphum

137 1501 209 1565 Vox
223 1516 328 1580 canet;
350 1516 380 1565 et
393 1504 487 1585 longae
502 1504 598 1566 visent
612 1503 761 1587 Capitolia
776 1525 904 1586 pompae.
1050 1508 1117 1567 500

136 1599 274 1663 Postibus
289 1602 432 1683 Augustis
446 1601 551 1663 eadem
566 1602 705 1664 fidissima
719 1616 817 1664 custos

135 1698 217 1760 Ante
232 1697 309 1761 sores
324 1699 430 1776 stabis3
452 1700 639 1782 mediamque
654 1700 775 1761 tuebere
791 1720 943 1783 quercum.

135 1794 237 1880 thue
252 1819 354 1860 meum
367 1796 489 1859 intonsis
502 1810 593 1880 caput
608 1810 652 1859 est
662 1796 795 1881 juvenile
809 1797 940 1880 capillis3

24 1982 27 1987 Ι
134 1892 185 1956 Tu
200 1916 318 1980 quoque
333 1906 492 1980 perpetuos
506 1916 625 1978 semper
639 1916 707 1977 gere
723 1893 830 1956 frondis
845 1894 995 1957 honores?

177 1990 309 2055 Finierat
323 1992 425 2055 Paean.
470 1992 572 2055 Factis
586 1993 676 2055 modb
690 1993 790 2055 laurea
802 1993 890 2054 ramis
1048 1994 1115 2054 505

135 2088 265 2153 Annuit:
288 2105 381 2173 utque
394 2104 495 2172 eaput,
511 2091 574 2151 visa
588 2104 633 2152 est
647 2090 772 2171 agitasse
786 2111 942 2151 cacumen.

936 2180 1006 2297 ti·

506 2342 539 2384 10
561 2343 603 2383 ΕΤ
625 2342 741 2383 ARGUS.

561 2526 590 2566 v.
607 2507 680 2567 625.

134 2675 267 2738 Centum
281 2676 439 2739 luminibus
452 2676 583 2738 cinctum
598 2687 687 2757 caput
705 2674 802 2757 Argus
817 2675 956 2736 habebat.

133 2772 208 2838 lude
223 2775 282 2839 suis
297 2775 408 2838 vicibus
420 2774 580 2857 oapiebant
593 2772 662 2835 bina
677 2772 824 2855 quietem:
913 2774 917 2782 '

134 2870 252 2937 Cetera
264 2874 431 2952 servabant,
446 2887 534 2959 atque
550 2872 581 2935 in
595 2871 719 2935 statione
734 2872 902 2934 manebant.

134 2967 314 3034 Constiterat
330 2994 508 3056 quoeunque
522 2971 630 3046 mod03
652 2970 806 3053 spectabat
821 2969 859 3031 ad
873 2967 928 3032 lb:
1020 3044 1023 3049 Ι
1048 2971 1113 3031 510

137 3068 216 3131 Ante
230 3069 332 3131 oculos
346 3067 392 3145 16,
408 3069 542 3152 quamvis
557 3090 686 3144 aversus
701 3068 838 3130 habebat.

133 3164 218 3229 Lnee
233 3166 301 3229 sinit
315 3166 397 3249 pasci
405 3187 412 3228 :
435 3167 504 3228 crim
519 3165 562 3227 sol
577 3164 681 3226 tellure
694 3165 751 3245 ¹sub
766 3163 827 3226 alta
840 3176 896 3240 est,

134 3263 267 3341 Claudit,
282 3277 313 3326 et
327 3264 446 3345 indiguo
459 3261 623 3325 circumdat
637 3263 754 3349 vincula
768 3262 856 3325 eollo.

134 3360 301 3425 Frondibns
317 3361 454 3438 arbuteis,
470 3373 500 3422 et
515 3359 614 3421 amari
628 3361 756 3443 pasoitur
769 3359 879 3423 herbb:

134 3457 255 3543 Proque
270 3473 345 3537 toro,
360 3473 453 3537 terrae,
468 3480 527 3522 non
541 3479 660 3541 semper
673 3480 794 3541 gramen
808 3456 940 3534 habenti,
1047 3458 1113 3519 515

134 3556 260 3623 Incubat
273 3556 395 3637 infelix3
415 3558 576 3641 limosaque
590 3555 713 3620 flumina
725 3570 818 3641 potat..
