2356 4110
75 299 136 358 34·
389 300 734 352 uaruuoarrrosaon

75 453 147 518 Huc
160 453 210 514 ubi
226 454 360 536 pervenit
374 453 450 515 belli
460 452 619 515 metuenda
635 452 752 534 virago;

74 551 216 614 Constitit
231 564 297 613 ante
313 550 444 628 domum,
463 550 574 636 (neque
590 550 669 612 enim
684 549 843 612 succedere
857 551 945 613 tectis

72 646 133 711 Fas
148 647 252 735 habet)
270 662 300 710 et
316 663 415 731 postes
431 648 565 710 extremi
579 648 701 730 cuspide
716 649 823 731 pulsat.
909 666 911 671 ’
987 654 1051 713 370

74 745 235 809 Concussae
251 747 373 829 patudre
389 745 475 808 sores.
521 744 613 807 Videt
627 746 703 807 intus
719 746 858 807 edentem

75 843 222 926 Vipereas
236 865 350 921 carnes,
364 843 500 906 vitiomm
515 844 653 905 alimenta
667 865 796 921 suorum,

73 939 235 1004 Invidiam:
259 926 381 1025 viduique
396 942 497 1003 oculos
513 941 628 1002 avertit.
673 942 717 1002 At
731 941 780 1002 illa

73 1038 172 1120 Surgit
187 1040 276 1102 humo
291 1039 390 1122 pigri:
413 1060 653 1121 semesarumque
668 1038 804 1121 relinquit

75 1134 210 1219 Corpora
224 1136 413 1220 serpentbm:
438 1157 583 1217 passuque
598 1135 706 1197 incedit
722 1135 815 1197 inerti.
985 1140 1051 1201 375

73 1231 177 1318 thue
193 1235 278 1296 deam
294 1234 367 1295 vidit
382 1232 534 1315 sormaique
550 1233 695 1316 armisque
711 1235 858 1308 decoram,

72 1329 235 1412 Ingemuit:
259 1332 431 1412 vultumque
447 1330 506 1391 ima
519 1331 557 1392 ad
571 1331 694 1413 suspiria
708 1332 802 1393 duxit.

73 1428 174 1490 Pallor
187 1428 216 1490 in
231 1450 281 1490 ore
296 1428 396 1489 sedet:
419 1428 528 1490 macies
540 1429 570 1490 in
584 1451 707 1512 corpore
722 1444 784 1491 toto

74 1523 231 1607 Nusquam
244 1539 325 1587 recta
340 1526 436 1587 acies:
459 1526 552 1588 livent
566 1527 697 1608 rubigine
712 1527 832 1589 dentes:

73 1622 201 1684 Pectora
215 1621 283 1684 selle
299 1623 410 1685 virent:
434 1623 532 1705 lingua
547 1638 591 1686 est
606 1625 716 1686 suffusa
731 1646 857 1686 veneno.
982 1627 1051 1690 380

73 1716 165 1781 Risus
180 1719 280 1796 abest;
302 1721 357 1781 nisi
373 1742 461 1803 quem
476 1721 529 1783 visi
544 1722 664 1783 movdre
680 1722 803 1783 dolores·

73 1813 141 1878 Nec
156 1815 258 1878 fruitur
272 1839 385 1894 somno,
400 1818 569 1900 vigilacibus
584 1821 682 1882 excita
696 1820 789 1882 curis:

73 1911 135 1975 Sed
150 1913 232 1976 videt
246 1915 383 1996 ingratos,
398 1916 610 1999 intabescitque
626 1917 771 1995 videndo,

73 2009 235 2073 Successus
249 2013 418 2075 hominum:
441 2014 592 2097 carpitque
607 2028 638 2075 et
651 2015 779 2097 carpitur
792 2013 863 2076 und.

72 2106 318 2192 Suppliciumqua
334 2132 419 2171 suurn
435 2125 491 2173 est.
536 2111 682 2184 Quamvis
697 2125 797 2173 tamen
811 2111 913 2174 oderat
926 2111 1018 2191 illem,

72 2202 197 2267 Talibus
212 2206 301 2267 affata
315 2220 360 2268 est
374 2208 501 2269 breviter
515 2207 648 2269 Tritonia
667 2207 768 2271 dictis:
982 2214 1050 2275 386

72 2299 181 2363 ‘Infioe
196 2290 264 2364 tabe
280 2301 332 2364 tub
347 2317 479 2366 natarum
495 2303 639 2388 Cecropis
652 2327 759 2368 unam:

71 2397 122 2460 Sic
137 2419 211 2482 opus
226 2412 281 2461 est.
325 2400 472 2483 Aglaums
486 2424 522 2464 ea
537 2403 603 2464 est'
648 2402 739 2465 Haud
754 2404 838 2487 plura
850 2405 951 2469 locuta

71 2494 180 2578 Fugit3
202 2510 233 2559 et
247 2496 389 2580 impressi
403 2500 538 2561 tellurem
552 2500 659 2583 repulit
673 2499 769 2564 hasti.

70 2592 127 2655 Illa
141 2594 228 2656 deam
243 2594 361 2678 obliquo
375 2595 535 2678 fugientem
550 2598 661 2660 lumine
676 2621 818 2678 cemens3
852 2608 875 2641 ⁶
980 2605 1049 2668 390

69 2688 224 2753 Murmura
238 2713 329 2775 parva
344 2693 442 2770 dedit3
465 2716 727 2780 successummque
742 2696 884 2761 Minerva

69 2786 215 2852 lndoluit:
236 2790 435 2875 baculumque
450 2793 547 2875 capit3
570 2793 648 2876 quod
663 2795 765 2876 spinea
779 2809 874 2858 totum

71 2882 200 2948 Vincula
213 2888 386 2970 cingebant:
410 2891 608 2974 adopertaque
624 2892 749 2953 nubibus
765 2893 843 2971 atris,

69 2980 258 3067 Quicunque
275 2987 444 3067 ingreditur,
456 2988 589 3050 florentia
603 2989 724 3071 proterit
739 3011 819 3068 arva,

68 3078 234 3163 Exuritque
250 3081 366 3158 herbas,
382 3096 411 3144 et
426 3105 540 3146 summa
553 3087 706 3148 cacumina
720 3087 834 3167 carpit:
979 3090 1046 3155 395

71 3177 242 3261 Afflatuque
257 3198 310 3238 suo
325 3179 461 3261 populos,
475 3181 633 3264 urbesque,
649 3183 811 3265 domosque

3 3292 23 3341 r,
71 3273 196 3339 Polluit:
221 3287 251 3336 et
265 3275 385 3336 tandem
399 3275 553 3338 Tritonida
567 3280 711 3362 conspicit
723 3290 845 3359 mecm}

4 3388 10 3395 ’
70 3368 207 3453 ingeniis,
221 3372 395 3456 opibusque,
410 3385 440 3434 et
454 3372 617 3456 sestbpace
632 3364 791 3440 ruentem:

21 3566 30 3581 ‚
70 3467 191 3553 Vixque
207 3484 289 3534 tenet
302 3472 466 3555 lacrymas;
489 3472 556 3555 quia
571 3473 611 3536 nil
626 3474 816 3558 lacrymabile
830 3476 934 3540 cernit.
