2356 4110
99 303 142 363 54
417 306 763 357 muranonrfloseon

102 457 264 536 Moenibus,
279 471 310 521 et
325 471 408 521 vasto
424 458 546 519 dederat
560 457 704 519 servanda
719 456 856 519 draconi:
1016 461 1080 523 290

100 557 289 639 Arcebatque
304 556 362 617 suis
377 569 516 617 externos
531 555 635 616 finibus
650 575 763 616 omnes.

100 653 180 717 Huic
196 674 324 736 quoque,
340 651 447 715 ‘Vade
463 653 576 735 procul,
591 673 628 713 ne
644 652 732 732 long‘e
747 652 838 734 gloria
852 673 962 729 renim,

100 749 186 823 Quas
201 751 351 827 mentiris,'
367 751 417 826 ait,
433 758 442 787 ‘
451 749 538 831 longe
554 749 605 811 tibi
620 749 739 832 Jupiter
753 750 847 811 absit.'

105 847 231 933 Vimque
246 848 332 910 minis
347 848 444 910 addit:
468 846 634 929 foribusque
650 847 800 929 expellere
816 848 911 909 tentat

100 944 311 1023 Cunctantem,
326 960 357 1008 et
372 946 493 1029 placidis
508 945 681 1007 miscentem
695 945 780 1007 sortia
795 945 889 1007 dietis.
1014 948 1077 1008 295

100 1042 219 1106 Viribus
234 1043 361 1120 inferior,
380 1042 458 1130 (quis
473 1043 552 1104 enim
567 1064 620 1125 par
634 1056 710 1104 esset
727 1043 840 1105 Atlanti

100 1141 220 1205 Viribus
228 1141 256 1229 ?)
274 1143 336 1205 ‘At
351 1143 489 1225 quoniam
502 1141 584 1224 parvi
598 1140 649 1203 tibi
664 1141 755 1222 gratia
768 1157 866 1203 nostra
884 1154 947 1217 est;

102 1241 215 1322 Accipe
230 1239 357 1315 munus‚'
374 1239 431 1314 ait3
452 1238 585 1320 laevtique
600 1259 617 1299 a
632 1252 714 1320 parte
730 1236 865 1300 Medusae

100 1337 168 1419 lpse
183 1350 363 1397 retroversus
378 1336 552 1418 squallentia
567 1336 695 1418 prodidit
710 1357 770 1397 ora.

100 1432 239 1514 Quantus
254 1446 327 1509 erat,
342 1454 426 1494 mons
440 1432 533 1494 lactus
548 1433 644 1494 Atlas
688 1432 758 1494 Jam
772 1433 862 1494 barba
876 1453 1030 1516 comaeque

101 1529 135 1592 ln
150 1531 237 1592 silvas
252 1531 378 1599 abeunt:
398 1529 470 1614 juga
484 1544 551 1592 sunt
567 1531 740 1613 humerique
752 1551 925 1614 manusque.
1014 1534 1074 1594 301

100 1627 193 1701 Quod
207 1642 298 1712 caput
312 1629 380 1691 ant'e
395 1628 461 1705 suit,
475 1650 591 1690 summo
605 1642 651 1690 est
665 1629 693 1690 in
708 1641 809 1690 monte
823 1649 979 1690 cacumen.

99 1725 177 1788 Ossa
191 1727 265 1810 lapis
280 1727 363 1788 fiunt.
408 1725 489 1787 Tum
505 1740 602 1809 partes
617 1739 720 1787 auctus
735 1726 764 1788 in
779 1747 882 1788 omnes

100 1822 205 1886 Crevit
220 1825 248 1886 in
264 1825 451 1899 immensum,
470 1822 526 1908 (sic
541 1823 572 1884 di
586 1821 740 1909 statuistis)
757 1837 787 1887 et
802 1844 891 1885 omne

100 1920 181 1985 Cum
195 1935 239 1985 tot
253 1922 394 1985 sideribus
409 1922 518 1985 coelum
534 1921 678 2004 requievit
693 1922 722 1982 in
737 1921 798 1983 illo.
1013 1923 1079 1984 305

290 2175 430 2215 PERSEOS
453 2175 495 2215 ET
517 2173 724 2215 ANDROMEDAE
746 2175 886 2216 Nurum.

524 2358 558 2397 v.
574 2337 648 2398 662.

141 2504 297 2567 Clauserat
312 2504 499 2587 Hippotades
514 2518 621 2567 aetemo
636 2527 753 2567 carcere
768 2519 889 2567 ventos:

98 2601 335 2684 Admonitorque
350 2622 473 2685 operum
488 2604 566 2664 coelo
581 2603 756 2665 clarissimus
772 2602 831 2664 alto

99 2697 220 2761 Lucifer
234 2713 314 2762 ortus
329 2713 401 2761 erat.
446 2699 557 2762 Pennis
572 2701 642 2781 ligat
657 2701 706 2762 ille
721 2700 877 2782 resumptis

98 2797 188 2860 Parte
204 2798 241 2860 ab
256 2798 379 2883 utraque
396 2797 507 2880 pedes;
529 2798 647 2880 teloque
664 2797 826 2878 adcingitur
840 2818 936 2859 unco:

98 2895 140 2957 Et
154 2896 296 2979 liquidum
311 2898 397 2959 motis
411 2896 547 2958 talaribus
563 2899 631 2958 ae'ra
645 2895 739 2957 findit.
1013 2898 1077 2958 310

98 2991 244 3054 Gentibus
259 2994 418 3056 innumeris
434 2995 603 3077 circumque
619 2992 751 3075 infraque
767 2990 885 3068 relictis,

98 3089 274 3172 AEtbiopum
291 3091 427 3172 populos,
442 3090 581 3172 Cepheia
595 3089 738 3173 conspicit
753 3111 833 3151 arva.

139 3185 205 3249 lllic
220 3185 395 3247 immeritam
409 3199 546 3248 matemae
564 3188 693 3269 pendere
708 3186 818 3268 linguae

100 3282 309 3347 Andromedan
325 3303 428 3365 poenas
444 3283 562 3344 immitis
575 3283 701 3367 jusserat
715 3285 858 3346 Ammon.

97 3381 200 3454 Quam
215 3381 301 3443 simul
316 3379 353 3442 ad
369 3379 454 3440 duras
470 3380 620 3461 religatam
635 3382 755 3444 brachia
769 3395 871 3443 cautes
1011 3384 1079 3446 315

99 3477 181 3541 Vidit
197 3479 381 3542 Abantiades
390 3499 399 3555 ;
422 3477 472 3555 ait,
488 3476 535 3539 ‘O
551 3500 609 3540 non
625 3479 713 3561 digna
727 3479 849 3556 catenis,
