2356 4110
426 153 429 160 ,
514 117 623 168 LIBER
638 119 670 168 V.

97 271 243 354 Gorgone
256 271 303 334 bis
318 284 442 334 centum
456 271 605 352 riguerunt
619 291 742 352 corpora
758 270 832 334 vise.

143 369 278 433 Poenitet
292 367 394 454 injusti
409 389 487 430 nunc
502 367 630 451 denique
646 367 762 430 Phinea
775 368 856 433 belli.

101 468 164 529 Sed
180 467 249 551 quid
265 469 355 548 agat?
379 465 540 528 Simulacra
556 466 636 527 videt
651 466 765 528 diversa
779 466 895 547 figuris;

102 566 309 649 Agnoscitque
324 585 410 626 suos:
434 577 464 624 et
479 563 597 625 nomine
610 585 757 647 quemque
771 578 889 625 vocatos
1021 568 1081 627 155

103 663 206 725 Poscit
221 684 329 746 opem:
353 661 534 744 credensque
550 683 665 744 pamm,
680 662 733 723 sibi
748 662 882 743 proxima
896 663 988 744 tangit

104 761 258 844 Corpora:
282 781 409 821 marmor
423 772 514 820 eraut.
559 758 731 834 Avertitur3
753 772 841 841 atque
856 760 897 820 ita
910 760 1049 843 supplex,

105 859 326 941 Confessasque
340 878 455 933 manus,
470 858 647 941 obliquaque
661 856 781 918 brachia
794 849 929 933 tendens,

106 957 250 1034 ‘Vincis’
267 957 318 1033 ait,
334 956 482 1018 ‘Perseuz
506 977 627 1017 remove
643 955 703 1016 fera
719 968 865 1031 monstra3
888 968 1003 1039 tueque

106 1055 250 1118 Saxifioos
266 1055 375 1131 vultus,
392 1074 584 1137 quecumque
600 1074 646 1129 ea,
661 1053 731 1114 tolle
746 1050 891 1114 Medusae.
1022 1055 1083 1116 160

105 1153 205 1230 Tolle,
220 1173 337 1236 precor.
383 1150 451 1214 Non
465 1173 518 1214 nos
533 1151 644 1227 odium,
659 1151 779 1233 regnive
794 1151 903 1234 cupido

107 1250 263 1334 Compulit
277 1251 315 1312 ad
329 1250 457 1312 bellum:
481 1271 535 1333 pro
550 1250 676 1334 conjuge
691 1250 837 1312 movimus
852 1272 942 1314 arma.

107 1349 209 1411 Causa
222 1348 277 1411 fuit
291 1347 402 1410 meritis
416 1349 519 1410 melior
533 1363 594 1425 tua,
609 1361 744 1432 tempore
759 1362 867 1410 nostra.

107 1446 177 1508 Non
191 1447 314 1509 cessisse
330 1447 420 1530 piget.
465 1445 558 1522 Nihil,
573 1469 593 1508 o
607 1445 771 1523 fortissime,
786 1460 891 1530 praeter

107 1544 196 1607 Hanc
210 1545 340 1607 animam
353 1545 484 1606 concede
499 1545 588 1606 mibi:
612 1557 663 1606 tua
677 1558 784 1607 caetera
797 1547 906 1608 sunto.²
1021 1545 1081 1606 165
1151 1611 1154 1616 ,

106 1642 194 1704 Talia
207 1643 328 1719 dicenti,
342 1663 441 1725 neque
455 1663 535 1718 eum,
551 1664 640 1725 quem
655 1663 729 1704 voce
744 1644 875 1724 rogabat,

107 1739 271 1823 Respicere
288 1740 417 1817 audenti,
432 1740 566 1817 ‘Quod'
583 1741 632 1817 ait,
649 1741 848 1802 ‘timidissime
867 1739 996 1817 Phineu,

108 1837 150 1899 Et
163 1860 284 1921 possum
298 1838 441 1914 tribuisse,
457 1852 487 1900 et
502 1861 640 1920 magnum
656 1859 763 1900 munus
778 1838 863 1902 inerti
876 1851 932 1916 est,

112 1934 210 2020 (Pone
224 1935 353 2020 metum)
370 1937 513 1999 tribuam:
536 1938 617 1999 nullo
632 1937 779 1999 violabere
794 1936 880 2001 ferro.

109 2032 193 2105 Quin
207 2035 296 2098 etium
311 2056 448 2096 mansura
462 2035 539 2098 dabo
552 2048 744 2097 monumenta
758 2058 812 2119 per
826 2057 940 2114 aevum3
1021 2040 1082 2101 170

110 2128 202 2214 Inque
218 2133 308 2194 domo
322 2133 416 2194 soceri
431 2154 550 2215 semper
564 2133 736 2214 spectabere
752 2136 858 2196 nostri·

111 2227 153 2290 Ut
166 2251 234 2292 mea
247 2252 280 2292 se
294 2231 393 2313 sponsi
408 2231 518 2293 soletur
531 2230 659 2312 imagine
674 2230 806 2315 conjux!

113 2319 212 2390 Dixit:
237 2341 267 2390 et
281 2328 310 2390 in
325 2342 440 2412 partem
455 2327 646 2410 Phorcynida
661 2330 804 2392 transtulit
820 2329 911 2409 illam,

112 2424 160 2485 Ad
175 2447 262 2508 quam
276 2448 308 2487 se
324 2426 439 2513 trepido
453 2426 586 2489 Phineus
601 2427 767 2490 obverterat
781 2451 843 2492 ore.

112 2519 189 2584 Tum
205 2545 323 2606 quoque
337 2523 454 2586 conanti
469 2545 522 2585 sua
536 2525 656 2587 flectere
671 2526 781 2588 lumina
796 2527 898 2588 cervix
1022 2530 1082 2588 175

114 2616 246 2701 Diriguit,
262 2643 395 2704 saxoque
410 2622 562 2684 oculorum
577 2623 705 2684 indumit
720 2625 835 2684 humor.

114 2714 170 2778 Sed
184 2731 282 2780 tamen
297 2741 331 2780 os
346 2719 491 2797 timidum,
507 2722 664 2805 vultusque
679 2722 708 2781 in
724 2740 867 2781 marmore
882 2719 1021 2805 supplex,

115 2811 322 2900 Submissaeque
338 2836 452 2894 manus,
468 2817 616 2902 faciesque
631 2818 760 2881 obnoxia
773 2820 889 2884 mansit.
