2356 4110
172 13 428 295 affusi?
444 84 570 213 flos-
624 66 647 173 l
665 51 826 226 slas

487 327 594 377 LIBER
616 328 650 377 11.
1013 322 1056 381 29

72 483 297 566 Virgineusque
312 477 451 555 Helicon,
466 495 496 541 et
511 479 642 541 nondum
656 477 798 560 (Eagrius
812 476 944 541 Hamus.

67 581 173 645 Ardet
188 580 218 642 in
232 580 409 642 immensum
424 577 579 659 geminatis
594 576 709 658 ignibus
723 576 826 654 AEtne,

74 678 300 760 Parnassusque
314 676 427 758 bicepS,
443 689 473 736 et
488 673 586 757 Eryx,
602 688 632 735 et
647 673 798 757 Cynthus,
813 688 844 737 et
858 674 983 758 Othrys,

76 776 119 840 Et
133 776 256 839 tandem
271 773 422 861 Rhodqpe
437 773 552 834 nivibus
567 773 702 849 caritura,
715 771 896 856 Mimasque,
992 775 1051 835 221

75 875 302 958 Dindymaque,
318 870 349 934 e't
362 869 496 953 Mycale,
504 884 655 953 ,natusque
671 870 708 932 ad
723 892 805 932 sacra
818 870 980 934 Citheron.

76 972 145 1036 Nec
160 984 283 1056 prosunt
297 968 428 1052 Scythiae
443 989 496 1030 sua
510 967 630 1049 fiigora:
654 967 807 1030 Caucasus
823 968 916 1046 ardet,
965 912 1024 1047 ‘l'

75 1071 215 1154 Ossaque
229 1091 300 1131 cum
314 1066 423 1143 Pindo,
438 1065 588 1150 majorque
605 1065 746 1128 ambobus
760 1064 926 1150 Olympus:

77 1168 237 1251 Aiiriaeque
254 1166 361 1248 Alpes,
376 1178 407 1226 et
422 1163 536 1226 nubifer
550 1163 739 1247 Apenninus
993 1167 1056 1228 225

122 1265 211 1327 Tunc
226 1263 297 1326 verb
311 1262 471 1325 Pha'e'thon
486 1263 598 1324 cunctis
614 1283 631 1324 e
647 1262 776 1344 partibus
791 1261 893 1325 orbem

78 1362 218 1446 Adspicit
232 1382 407 1425 accensum:
430 1382 485 1423 nec
500 1374 597 1423 tantos
612 1361 734 1423 sustinet
749 1374 852 1424 aestus:

77 1461 304 1544 Ferventesque
320 1480 414 1537 auras,
430 1458 512 1521 velut
527 1481 544 1521 e
559 1458 676 1521 fornace
691 1458 846 1543 profundi,

76 1560 143 1622 Ore
158 1558 257 1635 trahit,
271 1579 431 1641 curmsque
446 1578 514 1619 suos
528 1557 706 1619 candescere
722 1558 820 1620 sentit.

78 1657 122 1720 Et
137 1678 235 1741 neque
247 1655 311 1742 jam
324 1656 438 1718 cineres
453 1654 669 1739 ejectatamque
684 1652 813 1717 favillam
994 1659 1059 1719 230

78 1755 174 1818 Ferre
189 1768 303 1839 potest:
326 1754 480 1837 calidoque
496 1753 654 1816 involvitur
667 1753 797 1838 undique
812 1752 903 1817 sumo.

79 1853 215 1936 Qudque
229 1864 288 1929 eat,
304 1865 354 1914 aut
368 1852 419 1914 ubi
433 1852 480 1929 sit,
495 1850 583 1935 picei
595 1852 719 1932 caligine
734 1864 830 1914 tectus

78 1951 203 2027 Nescit;
226 1963 256 2012 et
272 1950 388 2012 arbitrio
403 1950 555 2012 volucrum
570 1961 701 2030 raptatur
715 1969 868 2031 equorum.

123 2048 275 2132 Sanguine
290 2061 354 2110 tum
367 2048 491 2110 credunt
506 2048 536 2109 in
551 2067 675 2128 corpora
688 2066 804 2108 summa
815 2058 930 2122 vocato,

82 2147 261 2230 AEthiopum
275 2147 401 2231 populos
414 2146 529 2227 nigrum
545 2144 668 2207 traxisse
684 2143 824 2207 colorem.
995 2145 1059 2208 235

79 2244 165 2306 Tum
179 2243 256 2307 facta
272 2257 316 2306 est
331 2244 440 2327 Libye,
455 2244 545 2327 raptis
560 2243 730 2305 humoribus
745 2256 827 2321 aestu,

81 2342 194 2418 Arida3
215 2356 279 2405 tum
294 2343 433 2426 nymphe
448 2342 541 2425 passis
556 2339 711 2426 sontesque
726 2342 865 2426 lacusque

80 2439 245 2511 Deflevdre
259 2440 363 2503 comis.
407 2439 523 2514 Quarit
537 2438 658 2502 Boeotia
672 2439 795 2516 Dircen,

82 2540 180 2619 Argos
196 2538 398 2621 Amymonen,
414 2536 539 2621 Ephyre
555 2536 708 2600 Pirenidas
723 2537 827 2601 undas.

81 2635 151 2699 Nec
165 2636 266 2699 sortita
279 2637 346 2699 loco
361 2637 500 2699 distantes
515 2636 637 2698 flumina
651 2636 728 2720 ripas
996 2638 1060 2699 240

80 2733 165 2796 Tuta
177 2747 316 2797 manent:
339 2735 443 2797 mediis
456 2734 569 2797 Tanais
580 2727 708 2797 'fumavit
721 2735 751 2797 in
766 2733 863 2812 undis,

81 2831 262 2917 Peneosque
277 2854 381 2911 senex,
396 2832 677 2916 Teuthranteiisque
692 2831 815 2909 Caicus,

82 2928 126 2993 Et
140 2931 220 2993 celer
233 2929 378 3009 Ismenos,
392 2953 461 2995 cum
476 2931 628 2994 Phocaico
644 2928 841 3011 Erymantho,

80 3029 272 3113 Arsurusque
288 3029 394 3092 iterum
410 3029 560 3106 Xanthus,
577 3028 729 3110 flavusque
744 3024 920 3111 Lycormas,

81 3126 149 3201 Qui
168 3149 188 3191 u
221 3129 382 3193 recurvatis
397 3129 471 3193 ludit
485 3127 652 3191 Maeandrcs
667 3126 697 3190 in
711 3127 815 3206 undis3
997 3130 1061 3192 245

80 3224 162 3309 Myg
206 3224 327 3310 ”iusque
341 3226 450 3304 Melas,
465 3240 496 3290 et
510 3226 662 3289 Taenarius
678 3224 814 3290 Eurotas.

80 3323 164 3387 Arsit
179 3338 210 3388 et
225 3323 396 3409 Euphrates
410 3325 605 3410 Babylonius,
620 3326 689 3388 arsit
707 3325 847 3403 Orontes,

78 3422 338 3509 Thermodonque
353 3425 438 3504 citus,
454 3424 644 3510 Gangesque,
661 3439 692 3488 et
706 3423 823 3502 Phasis,
838 3436 870 3488 et
883 3421 970 3485 Ister.

78 3521 202 3588 Estuat
217 3523 372 3609 Alpheos:
392 3524 463 3609 ripe
479 3523 677 3609 Spercheides
691 3523 810 3586 ardent:

383 3623 433 3687 3*
