2356 4110
104 348 165 409 108
424 349 771 401 Muranonrnosnou

101 502 233 566 Festinat
248 517 362 566 vestes:
382 501 444 587 jam
460 523 542 585 quan,
557 501 607 563 ubi
623 499 735 562 venerit
749 497 809 575 ille,

100 600 169 685 ipsa
184 615 281 683 gerat:
305 601 472 684 reditusque
487 599 541 661 sibi
556 598 698 681 promittit
712 597 823 659 inanes.

100 699 246 761 Omnibus
261 699 309 760 illa
325 699 445 782 quidem
460 697 574 780 superis
589 696 639 780 pia
654 696 739 757 thura
753 693 883 756 serebat:

101 796 182 858 Ante
197 810 295 858 tamen
310 809 432 859 cunctos
447 794 572 857 Juuonis
583 794 695 876 templa
705 792 839 855 colebat:

101 893 220 978 Proque
236 895 308 970 viro,
325 894 374 977 qui
389 894 485 955 nullus
501 905 573 968 erat,
589 890 726 952 veniebat
741 890 778 952 ad
794 909 869 952 aras.

100 989 202 1075 thue
217 990 291 1053 foret
306 1013 407 1074 sospes
421 990 531 1075 conjux
545 1010 624 1064 suus,
636 1000 727 1070 utque
742 987 861 1065 rediret,

101 1087 251 1172 Optabat;
274 1089 442 1171 nullamque
457 1087 510 1148 sibi
526 1084 684 1169 praeferret.
729 1086 773 1146 At
787 1085 828 1147 illi

101 1184 169 1248 Hoc
185 1187 222 1248 de
238 1200 281 1248 tot
298 1186 370 1247 votis
386 1196 500 1267 poterat
514 1184 684 1265 contingere
699 1183 806 1244 solum.

144 1283 186 1344 At
201 1283 257 1343 dea
272 1304 328 1343 non
344 1281 421 1342 ultra
434 1302 488 1362 pro
502 1279 603 1342 firncto
616 1292 710 1342 morte
725 1281 820 1362 rogari

100 1378 249 1454 Sustinet3
271 1393 362 1462 utque
378 1399 481 1439 manus
496 1376 624 1439 funestas
639 1391 737 1440 arceat
752 1378 807 1440 aris
816 1400 825 1455 ;

99 1473 168 1552 ⁶115,
183 1475 278 1552 meae‚'
295 1475 379 1551 dixit,
395 1475 550 1537 ‘fidissima
564 1474 671 1538 nuncia
685 1476 777 1552 vocis

102 1570 173 1635 Vise
189 1573 377 1656 soporiferam
392 1572 496 1635 Somni
511 1573 652 1635 velociter
667 1574 780 1635 aulam:

100 1669 306 1755 Exstinctique
317 1671 390 1756 jube
405 1670 518 1753 Ce'ycis
533 1670 658 1752 imagine
674 1671 769 1733 mittat

99 1768 219 1831 Somnia
235 1769 271 1830 ad
288 1768 475 1852 Halcyonen,
491 1789 575 1830 veros
590 1769 734 1831 narrantia
748 1768 856 1831 casus?

100 1866 236 1929 Dixerat.
282 1866 416 1929 Induitur
430 1866 576 1928 velamina
590 1866 670 1928 mille
685 1868 817 1929 colorum

98 1963 162 2042 iris,
179 1981 209 2027 et
224 1980 344 2049 arquato
360 1964 469 2028 ooelum
484 1963 654 2026 curvamine
668 1964 785 2046 signans

99 2062 196 2124 Tecta
210 2065 282 2145 petit
294 2063 366 2147 jussi
381 2063 436 2125 sub
450 2083 523 2143 rupe
538 2061 658 2123 latentia
672 2061 758 2143 regis,

142 2159 197 2221 Est
213 2181 304 2241 prope
320 2159 497 2221 Cimmerios
512 2158 601 2239 longo
616 2160 757 2241 spelunca
772 2181 902 2238 recessu,

99 2254 188 2317 Mons
203 2277 303 2332 cavus²
319 2255 415 2337 ignavi
431 2256 535 2318 domus
550 2269 580 2318 et
595 2255 755 2338 penetralia
770 2256 893 2320 Somni:

99 2352 172 2426 Quo
187 2375 336 2436 nunquam
351 2354 437 2416 radiis
453 2354 559 2431 oriens,
575 2354 739 2431 mediusve,
754 2355 902 2418 cadensve

99 2449 232 2511 Phoebus
248 2451 326 2512 adire
342 2465 449 2535 potest.
496 2450 619 2513 Nebulae
634 2451 758 2534 caligine
773 2453 874 2516 mixta

98 2545 284 2608 Exhalantur
297 2549 398 2624 humo,
414 2549 566 2631 dubiaeque
581 2550 754 2632 crepuscula
765 2549 849 2612 lucis.

99 2642 168 2706 Non
184 2644 251 2726 vigil
268 2646 327 2708 ales
342 2645 380 2708 ibi
396 2646 504 2708 cristati
518 2647 651 2709 cautibus
665 2647 722 2709 oris

99 2738 214 2804 Evocat
229 2744 390 2806 Auroram:
414 2765 469 2806 neo
481 2766 555 2806 voce
570 2744 685 2807 silentia
698 2760 838 2828 rumpunt
865 2746 868 2750 “

98 2839 258 2904 Sollicitive
272 2865 371 2920 canes,
386 2843 545 2905 canibusve
560 2843 691 2925 sagacior
706 2865 800 2906 anser.

98 2935 166 2999 Non
182 2938 253 3015 sera,
268 2963 326 3003 non
342 2941 484 3024 pecudes,
499 2963 558 3003 non
573 2941 644 3003 moti
659 2940 777 3003 flamine
793 2942 876 3019 rami,

98 3032 283 3098 Humanaeve
297 3059 401 3099 sonum
416 3038 543 3100 reddunt
557 3038 688 3100 convicia
702 3038 818 3121 linguae.

98 3130 186 3194 Muta
201 3133 283 3215 quies
299 3134 419 3195 habitat.
464 3134 548 3197 Saxo
561 3149 659 3198 tamen
675 3136 737 3198 exit
753 3137 790 3199 ah
804 3136 865 3199 imo

98 3229 194 3292 Rivus
209 3251 290 3314 aquae
305 3229 435 3293 Lethes:
459 3253 513 3315 per
528 3254 616 3316 quem
631 3256 701 3296 cum
715 3255 864 3297 murmure
879 3235 983 3300 labens
1010 3240 1070 3301 2⁴10

98 3327 206 3390 Invitat
220 3350 337 3391 somnos
352 3330 561 3413 crepitantibus
576 3331 653 3394 unda
669 3332 785 3415 lapillis.

101 3425 179 3488 Ante
194 3425 270 3489 sores
284 3428 358 3489 antri
373 3425 512 3490 soecunda
526 3449 674 3512 papavera
689 3429 806 3507 florent,
