2356 4110
100 281 161 344 128
396 268 744 335 marinonruossou

139 437 262 520 longus
276 437 306 498 in
321 450 477 518 angustum
491 433 552 519 qui
565 433 710 497 clauditur
721 430 952 516 Hellespontia,

96 536 171 600 llion
186 535 328 612 ardebat;
349 554 447 617 neque
461 532 560 594 adhuc
574 530 750 594 consederat
764 530 860 612 iguis:

98 633 310 717 Exiguumque
325 632 403 694 senis
418 630 528 694 Priami
543 629 627 693 Jovis
642 650 693 691 ara
705 649 844 691 cruorem

99 731 303 794 Combiberat.
347 729 490 792 Tractata
502 729 596 792 comis
610 727 740 790 antistita
753 725 867 789 Phoebi
1011 722 1061 786 iffi

99 828 169 891 Nou
184 828 365 912 prosectruas
379 827 521 891 tendebat
534 827 572 891 ad
589 827 700 890 athera
714 825 840 909 palm.
1119 838 1122 895 l

100 926 286 989 Dardanidas
301 941 409 989 matres
423 926 584 1010 patriorum
598 925 681 1008 signa
694 924 831 1001 deorum,

101 1026 186 1090 Dum
200 1025 280 1102 licet,
294 1025 459 1108 amplexas,
474 1045 674 1107 succensaque
689 1022 803 1105 templa
815 1032 955 1084 tmanter

100 1123 249 1186 Invidiosa
263 1123 382 1186 trahunt
397 1123 523 1184 victores
537 1121 657 1205 pramia
671 1119 766 1204 Graji.

101 1219 231 1283 Mittitur
244 1221 402 1303 Astyanax
417 1219 473 1281 illis
487 1219 525 1280 de
540 1219 677 1295 turribus,
692 1217 773 1279 uude
1017 1215 1071 1276 410

103 1318 291 1398 Pugnantem
306 1338 359 1399 pro
371 1337 417 1393 se,
432 1316 623 1400 proavitaque
637 1337 729 1398 regna
741 1327 890 1390 tuentem,

103 1414 189 1496 Saepe
205 1414 305 1477 videre
321 1428 445 1497 patrem,
461 1427 654 1476 monstratum
669 1434 688 1475 a
707 1427 812 1489 matre,
827 1412 956 1475 solebat.

103 1511 230 1594 Jamque
247 1512 323 1573 viam
339 1511 444 1574 suadet
458 1511 573 1575 Boreas
586 1533 594 1588 ;
616 1511 748 1595 flatuque
763 1508 898 1572 secundo

104 1607 238 1670 Carbasa
252 1623 332 1671 mota
346 1623 468 1673 sonant:
486 1609 574 1694 jubet
587 1609 631 1672 uti
645 1610 744 1670 navita
758 1607 866 1670 ventis.

105 1706 226 1790 ‘Troja,
241 1707 307 1768 vale
320 1729 328 1768 ε
352 1707 501 1789 rapimur,'
516 1707 662 1769 clamant:
687 1706 817 1789 dantque
832 1706 938 1768 oscula
947 1717 1035 1768 terrae

105 1807 256 1869 Troades:
280 1821 311 1869 et
325 1808 424 1890 patrie
438 1806 580 1869 fumantia
593 1821 673 1870 tecta
687 1806 868 1890 relinquunt.
1022 1805 1080 1870 416

105 1903 219 1967 Ultima
232 1906 404 1969 conscendit
418 1906 542 1968 classem
560 1905 740 1991 (miserabile
757 1903 837 1990 visu)

105 2001 140 2065 ln
156 2004 259 2065 mediis
274 1992 402 2067 Hecube
416 2018 552 2066 natorum
566 2005 687 2066 inventa
701 2003 856 2086 sepulcris.

108 2100 301 2162 Prensantem
315 2102 453 2178 tumulos,
468 2115 556 2185 atque
567 2102 683 2164 >ossibus
698 2102 799 2164 oscula
814 2101 938 2165 dantem

107 2195 253 2258 Dulichia
268 2198 384 2258 tranire
399 2220 512 2260 manus.
557 2198 675 2260 Tamen
690 2200 776 2261 unius
791 2200 900 2277 hausit,
1023 2201 1085 2262 420

107 2293 201 2375 Inque
217 2295 279 2354 sinu
295 2294 407 2357 cineres
423 2317 524 2357 secum
539 2297 604 2358 tulit
620 2295 758 2360 Hectoris
774 2299 907 2360 haustos.

109 2389 245 2453 Hectoris
261 2391 290 2453 in
304 2394 418 2454 tumulo
432 2414 539 2455 canum
555 2394 592 2456 de
607 2396 717 2457 vertice
732 2394 857 2472 crinem,
918 2382 920 2386 .

108 2487 229 2553 Inferias
244 2490 357 2570 inopeS,
372 2491 483 2552 crinem
499 2492 725 2576 lachrymasque
740 2494 891 2577 relinquit.

152 2584 217 2661 Est,
232 2586 282 2646 ubi
297 2585 388 2669 Troja
403 2586 467 2663 suit,
483 2587 621 2669 Phrygia
636 2592 781 2654 contraria
796 2591 897 2669 tellus,

108 2681 248 2745 Bistoniis
264 2683 392 2746 habitata
408 2685 484 2747 viris.
530 2686 743 2769 Polymestoris
757 2689 821 2752 illic
1026 2689 1090 2751 tas

110 2780 207 2862 Regia
222 2782 304 2844 dives
320 2796 391 2860 erat,
406 2785 456 2847 oui
469 2797 499 2847 te
514 2785 659 2847 commisit
674 2787 814 2849 alendum

110 2879 211 2957 Clam,
227 2880 387 2963 Polydoro,
403 2897 496 2965 pater,
511 2883 709 2967 Phrygiisque
724 2885 851 2946 removit
866 2884 905 2945 ab
920 2884 1020 2946 armis.

110 2978 276 3041 Consilium
291 2981 419 3063 sapiens,
434 2985 551 3046 sceleris
566 2985 620 3047 nisi
635 2985 754 3067 praemia
768 3006 890 3065 magnas

111 3074 279 3158 Adjecisset
293 3097 376 3158 opes,
392 3081 480 3140 animi
496 3081 644 3145 irritamen
659 3082 749 3144 avari.

114 3172 155 3236 Ut
169 3172 275 3235 cecidit
290 3172 423 3236 Fortuna
438 3175 603 3260 Phrygum,
618 3181 697 3264 capit
711 3181 819 3263 impius
834 3201 941 3245 ensem
1028 3186 1094 3249 430

111 3271 184 3333 Rex
197 3270 360 3348 Thracum,
371 3270 533 3356 juguloque
547 3277 592 3338 sui
607 3279 707 3360 defigit
721 3279 847 3341 alumni:

112 3368 164 3446 Et,
178 3383 319 3453 tanquam
334 3369 397 3433 tolli
410 3391 479 3432 cum
493 3392 615 3454 corpore
630 3377 751 3440 crimina
766 3389 902 3460 possent,

112 3463 292 3531 Exanimem
306 3490 324 3532 a
339 3468 461 3554 scopulo
475 3467 620 3554 subjectas
635 3474 713 3538 misit
727 3475 757 3537 in
772 3475 879 3539 undas.
