2356 4110
103 317 147 378 68
420 320 767 370 METAMORPHOSEON

103 472 196 536 Venit
211 485 241 534 et
256 473 293 534 ad
309 471 453 555 Cyanen:
478 492 524 546 ea,
539 470 569 531 ni
583 484 696 532 mutata
710 469 821 545 fuisset,

102 570 212 632 Omnia
226 569 381 646 narrasset,
396 568 448 630 sed
463 581 541 629 etos
557 580 586 629 et
600 568 700 649 lingua
711 567 822 629 volenti

102 667 213 730 Dicere
228 689 286 729 non
302 667 438 728 aderant:
461 687 529 741 nec,
545 687 604 748 quo
618 665 798 747 loqueretur,
814 663 955 728 habebat.

103 765 194 847 Signa
208 778 307 827 tamen
322 763 477 826 manifesta
491 762 588 825 dedit:
613 776 771 845 notamque
786 763 913 846 parenti,
1016 765 1077 826 305

102 863 158 926 Illo
173 862 247 926 forte
262 863 328 926 loco
342 863 504 945 delapsam,
519 860 632 943 gurgite
652 881 735 922 sacro

101 959 309 1044 Persephones
324 982 429 1023 zonam
443 959 564 1021 summis
578 958 706 1020 ostendit
720 958 750 1020 in
764 957 861 1020 undis.

103 1056 206 1131 Quam
221 1059 306 1121 simul
322 1057 451 1138 agnovit,
466 1069 607 1138 tanquam
621 1069 684 1117 tum
700 1055 827 1140 denique
841 1068 958 1138 raptam

102 1155 224 1233 scisset,
239 1157 385 1218 inornatos
399 1154 519 1216 laniavit
535 1154 603 1214 diva
616 1153 755 1235 capillos:

103 1253 145 1316 Et
158 1254 284 1337 repetita
297 1253 356 1314 suis
371 1251 514 1335 percussit
529 1263 647 1333 pectora
663 1251 778 1334 palmis.
1015 1254 1079 1314 310

102 1348 169 1412 Nec
185 1351 238 1411 scit
253 1349 349 1411 adhuc
364 1348 413 1409 ubi
428 1348 481 1410 sit:
504 1360 594 1410 terras
609 1362 708 1409 tamen
724 1348 856 1431 increpat
870 1368 993 1425 omnes3

102 1445 291 1529 Ingratasque
307 1460 403 1522 vocat,
419 1468 476 1508 nec
491 1445 608 1527 frugum
621 1467 743 1508 munere
758 1445 870 1528 dignas.

102 1542 284 1605 Trinacriam
300 1557 367 1605 ante
383 1544 463 1620 alias,
478 1543 508 1604 in
523 1541 584 1627 qud
597 1543 719 1623 vestigia
734 1543 833 1605 damni

102 1639 239 1723 Reperit.
285 1640 365 1723 Ergo
380 1640 438 1703 illic
454 1640 532 1702 saevai
548 1641 691 1702 vertentia
705 1640 805 1721 glebas

102 1738 204 1821 Fregit
220 1755 312 1802 aratra
327 1760 436 1814 manu3
458 1738 600 1822 parilique
615 1739 686 1799 irata
700 1739 820 1800 colonos
1012 1742 1079 1803 315

102 1837 317 1921 Ruricolasque
331 1839 423 1899 boves
438 1837 498 1898 leto
512 1835 611 1912 dedit;
634 1857 760 1919 arvaque
776 1835 863 1920 jussit

102 1934 219 1999 Fallere
235 1937 412 2020 depositum,
428 1936 586 2018 vitiataque
600 1935 713 1997 semina
728 1934 807 1996 secit.

101 2033 248 2096 Fertilitas
262 2049 355 2110 terra,
369 2035 462 2097 latum
477 2034 594 2114 vulgata
609 2053 663 2114 per
677 2033 789 2108 orbem,

101 2131 195 2194 Cassa
205 2132 302 2216 jacet:
326 2132 426 2215 primis
441 2144 556 2213 segetes
571 2131 733 2193 moriuntur
747 2132 776 2193 in
792 2131 906 2193 herbis:

102 2227 143 2289 Et
157 2229 247 2290 modo
262 2229 303 2290 sol
321 2228 436 2304 nimius,
451 2228 556 2289 nimius
571 2228 660 2289 modo
675 2229 792 2312 corripit
806 2229 909 2291 imber.
1011 2230 1077 2291 320

100 2326 272 2409 Sideraque,
288 2325 427 2410 ventique
443 2340 568 2388 nocent:
592 2326 742 2410 avidaeque
759 2326 893 2389 volucres

100 2423 220 2485 Semina
231 2423 310 2508 jacta
325 2424 444 2505 legunt:
467 2424 578 2498 lolium,
594 2424 750 2507 tribulique
764 2423 885 2504 fatigant

99 2521 243 2585 Triticeas
257 2543 378 2596 messes,
394 2534 424 2582 ot
438 2520 666 2604 inexpugnabile
685 2542 816 2602 gramen.

142 2619 224 2680 Tum
238 2632 328 2701 caput
344 2617 426 2679 Eleis
440 2618 586 2700 Alpheias
602 2619 707 2681 extulit
722 2620 823 2681 undis:

99 2715 305 2800 Rorantesque
320 2737 420 2778 comas
435 2738 452 2777 a
467 2714 560 2777 fronte
576 2716 701 2778 removit
715 2717 752 2778 ad
767 2738 869 2780 aures:
1010 2720 1076 2782 325

99 2815 200 2898 Atque
216 2815 272 2877 ait:
297 2813 345 2876 ‘O
360 2828 422 2876 toto
437 2813 561 2898 quaesitae
578 2814 694 2895 virginis
709 2815 790 2892 orbe,

99 2911 141 2973 Et
156 2914 269 2994 frugum
285 2914 421 2994 genitrix,
437 2914 596 2976 immensos
611 2912 680 2974 siste
694 2914 825 2975 labores:

98 3006 128 3070 N
131 3031 185 3070 eve
200 3010 251 3071 tibi
267 3010 330 3071 fidae
347 3011 474 3072 violenta
488 3012 612 3073 irascere
628 3023 721 3072 terrae.

98 3105 193 3168 Terra
207 3105 279 3166 nihil
294 3106 419 3167 meruit:
442 3109 595 3191 patuitque
609 3109 700 3170 invita
713 3109 832 3191 rapina.

98 3202 165 3266 Nec
180 3225 245 3266 sum
260 3224 313 3285 pro
328 3200 423 3284 patria
437 3205 582 3286 supplex:
606 3207 665 3268 huc
680 3206 796 3290 hospita
810 3208 890 3269 veni.
1009 3211 1075 3274 330

97 3300 167 3365 Pisa
182 3301 253 3364 mihi
268 3299 361 3382 patria
375 3312 437 3374 est3
460 3314 491 3362 et
504 3302 541 3362 ab
557 3301 644 3364 Elide
661 3304 795 3367 ducimus
808 3318 915 3368 ortum.

97 3397 244 3461 Sicaniam
260 3397 413 3482 peregrina
426 3398 512 3461 colo:
535 3399 587 3461 sed
602 3402 709 3482 gratior
723 3404 803 3465 omni

96 3492 171 3557 Haec
185 3496 257 3557 mihi
272 3508 349 3558 terra
362 3495 425 3559 solo
440 3509 495 3559 est.
541 3495 606 3561 Hos
620 3520 699 3563 nunc
715 3501 865 3564 Arethusa
879 3515 1014 3586 penates,
