2370 4110
446 320 554 370 menn
577 320 651 371 xm.

60 471 167 536 Mallet
182 485 213 534 et
227 469 330 534 infelix
344 470 521 533 Palamedes
535 491 600 533 esse
614 470 743 533 relictus.

60 570 205 647 Viveret;
227 584 277 633 aut
291 569 371 632 certe
387 569 480 631 letum
493 568 556 631 sine
570 568 691 631 crimine
707 567 840 631 haberet.

60 669 165 743 Quem
180 667 258 731 mal'e
272 667 400 730 convicti
413 666 536 728 nimidm
551 687 665 728 memor
678 667 733 729 iste
749 665 852 729 suroris

60 766 194 829 Prodere
209 786 273 828 rem
288 764 425 827 Danaam
439 763 540 826 finxit:
564 764 723 846 fictumque
739 764 873 846 probavit

61 863 197 939 Crimen,
213 875 243 925 et
257 861 394 938 ostendit,
410 861 488 944 quod
499 859 562 943 jam
581 858 764 942 praefoderat,
779 881 892 923 aurum.
993 863 1037 926 60

103 959 189 1042 Ergo
203 972 254 1021 aut
268 959 373 1021 exsilio
388 959 464 1020 vires
479 956 619 1019 subduxit
633 956 769 1034 Achivis,

60 1059 126 1121 Aut
140 1079 228 1120 nece.
273 1056 323 1119 Sic
338 1069 460 1140 pugnat,
475 1055 517 1117 sic
532 1068 577 1116 est
590 1053 777 1131 metuendus,
791 1053 929 1137 Ulysses.

62 1155 137 1232 Qui,
152 1155 224 1218 licet
238 1154 354 1237 eloquio
367 1152 457 1214 fidum
473 1173 590 1236 quoque
605 1150 634 1213 N
637 1164 733 1213 estora
747 1152 857 1229 vincat,

62 1251 154 1314 Haud
168 1265 268 1314 tamen
283 1251 402 1327 efficiet,
417 1250 565 1312 desertum
580 1263 612 1312 ut
627 1249 656 1312 N
659 1262 755 1312 estora
768 1250 880 1313 crimen

62 1349 139 1413 Esse
154 1371 219 1412 rear
232 1349 356 1412 nullum.
402 1347 476 1425 Qui,
490 1349 560 1410 curn
573 1348 741 1431 imploraret
755 1347 898 1431 Ulyssem
993 1350 1036 1412 65

63 1447 197 1510 Vulnere
211 1447 310 1510 tardus
324 1446 403 1531 equi,
418 1446 571 1529 fessusque
585 1446 723 1508 senilibus
738 1446 831 1524 annis,

62 1544 202 1608 Proditus
216 1566 235 1608 a
248 1545 328 1607 socio
342 1557 397 1606 est.
442 1543 512 1606 Non
527 1544 590 1605 haec
604 1543 675 1607 mihi
690 1544 811 1606 crimina
825 1545 894 1628 fingi

63 1641 126 1705 Scit
140 1643 218 1704 bene
232 1640 385 1725 Tydides:
409 1641 458 1725 qui
472 1640 591 1703 nomine
606 1661 684 1723 saepe
700 1655 838 1704 vocatum

63 1737 232 1821 Corripuit3
254 1738 428 1823 trepidoque
443 1737 542 1820 lugam
557 1737 744 1821 exprobravit
758 1738 865 1802 amico.

63 1835 243 1918 Adspiciunt
257 1836 349 1898 oculis
363 1835 460 1918 superi
475 1835 607 1897 mortalia
617 1833 713 1918 justis.
993 1839 1037 1899 70

64 1931 113 1994 En
128 1946 197 2014 eget
211 1933 331 2010 auxilio,
347 1933 397 2016 qui
411 1953 470 1995 non
485 1931 568 1994 tulit:
590 1945 682 2014 utque
697 1932 823 2015 reliquit,

63 2029 114 2091 Sic
128 2029 304 2113 linquendus
319 2042 392 2091 erat.
436 2028 552 2110 Legem
567 2027 620 2091 sibi
639 2027 754 2090 dixerat
767 2028 842 2111 ipse.

64 2123 242 2188 Conclamat
255 2125 360 2188 socios.
404 2124 540 2201 Adsum3
562 2124 707 2208 videoque
721 2137 909 2202 trementem,

63 2221 291 2305 Pallentemque
305 2233 398 2298 metu,
414 2243 449 2284 ac
463 2222 659 2305 trepidantem
672 2221 889 2285 morteduturd.

63 2318 202 2402 Opposui
216 2319 325 2381 molem
339 2319 438 2402 clypei
449 2340 458 2394 ;
480 2319 601 2402 texique
612 2319 781 2402 jacentem3
994 2322 1038 2383 75

64 2416 247 2499 Servavique
262 2416 388 2478 animam
407 2414 574 2502 (minimum
589 2427 633 2477 est
648 2416 705 2478 hoc
719 2413 828 2501 laudis)
844 2415 980 2478 inertem.

64 2514 97 2577 Si
112 2529 225 2598 perstas
239 2526 362 2591 certare,
377 2514 475 2576 locum
489 2513 643 2576 redeamus
658 2513 687 2576 in
701 2514 811 2577 ullum:

64 2610 174 2674 Redde
189 2612 315 2688 hostem,
331 2611 495 2694 vulnusque
510 2625 605 2688 tuum,
619 2612 795 2695 solitumque
809 2611 962 2674 timorem:

64 2707 138 2770 Post
152 2708 353 2792 clypeumque
368 2709 447 2771 late:
472 2721 501 2770 et
515 2730 633 2771 mecum
647 2708 793 2771 contende
808 2709 863 2770 sub
876 2709 938 2772 illo.

64 2803 109 2867 At
123 2819 280 2888 postquam
295 2805 406 2888 eripui3
427 2806 476 2868 cui
490 2805 584 2868 standi
600 2807 720 2868 vulnera
736 2805 811 2867 vires
995 2806 1039 2868 80

65 2901 94 2964 N
96 2924 135 2964 on
151 2902 302 2978 dederant,
316 2903 398 2964 nullo
411 2902 540 2967 tardatus
556 2903 675 2964 vulnere
687 2901 770 2984 firgit.
891 2972 894 2983 Ι

107 2999 224 3064 Hector
237 3001 331 3077 adest,
345 3021 506 3083 secumque
522 3000 593 3062 deos
609 3001 637 3062 in
654 3000 757 3083 proelia
772 2999 874 3063 ducit:

67 3099 199 3183 Quique
215 3100 282 3176 ruit,
297 3122 357 3162 non
371 3113 403 3161 tu
418 3100 532 3162 tantum
548 3100 673 3176 terreris,
688 3098 811 3183 Ulysse,

66 3198 127 3260 Sed
143 3197 232 3260 sortes
247 3199 356 3261 etiam:
380 3210 494 3259 tantum
510 3197 596 3260 trahit
611 3197 659 3260 ille
674 3197 794 3260 timoris.

66 3295 158 3358 Hunc
173 3317 231 3377 ego
245 3295 411 3377 sanguineae
426 3315 564 3356 successu
579 3295 666 3357 caedis
681 3309 819 3357 ovantem
996 3293 1039 3356 85

65 3392 212 3456 Cominus
227 3393 339 3475 ingenti
353 3374 524 3475 resupinum
538 3392 668 3474 pondere
683 3391 757 3455 ludi.

65 3490 158 3555 Hunc
173 3513 230 3574 ego
245 3503 429 3574 poscentem,
444 3510 514 3552 cum
529 3509 588 3572 quo
602 3501 799 3566 concurreret,
812 3508 889 3551 unua
