2356 4110
114 272 173 332 176
469 268 553 330 nux,
575 267 718 317 ennom.

110 426 179 490 Non
194 420 332 505 equidem
347 418 483 480 invideo:
506 416 648 500 numquid
662 431 762 479 tamen
777 417 839 480 ulla
853 418 967 500 feritur,

151 521 229 593 Quae
244 517 347 580 sterilis
361 514 424 576 sold
437 512 645 597 conspicienda
658 511 748 577 comit
760 515 828 577 est?
1044 525 1090 586 30

109 616 231 681 Cemite
246 615 373 676 sinceros
389 630 492 672 omnes
507 630 547 671 ex
561 609 664 671 ordine
678 623 808 702 truncos,

151 713 214 785 Qui
228 710 317 773 modo
331 708 382 784 nil,
398 727 487 789 quare
503 706 711 789 percutiantur,
727 706 849 770 habent.

108 810 152 872 At
165 809 236 871 mihi
251 827 328 868 saeva
342 816 449 866 nocent
464 802 602 864 mutilatis
616 802 738 864 vulnera
753 804 859 882 ramis3

150 904 297 987 Nudaque
312 899 428 985 dejecti
441 900 549 961 cortice
563 899 640 979 ligna
654 911 768 982 patent.

109 1001 177 1065 Non
194 1001 292 1063 odium
307 998 376 1060 sacit
390 997 457 1072 hoc,
473 996 525 1057 sed
539 1015 607 1078 spes
622 994 735 1057 indulta
748 996 868 1080 rapine.

151 1098 322 1161 Sustineant
336 1094 398 1155 alie
413 1114 519 1175 poma3
543 1104 702 1176 querentur
715 1091 806 1154 idem.

108 1195 159 1258 Sic
173 1217 239 1257 reus
254 1193 301 1255 ille
316 1190 378 1253 fere
393 1203 448 1266 est,
464 1190 502 1250 de
518 1210 577 1273 quo
593 1190 712 1251 victoria
726 1189 810 1252 lucro

150 1291 226 1353 Esse
241 1300 356 1372 potest:
380 1286 473 1368 inopis
489 1285 604 1347 vindice
620 1284 696 1348 sacta
709 1300 822 1350 carent.

108 1386 158 1449 Sic
173 1387 256 1447 timet
270 1383 396 1457 insidias,
411 1383 459 1464 qui
475 1382 529 1443 scit
543 1402 575 1442 se
591 1381 665 1443 ferre
680 1383 783 1459 viator,

149 1481 208 1543 Cui
223 1481 340 1542 timeat:
364 1491 460 1539 tutum
474 1479 568 1560 carpit
582 1478 674 1540 inanis
689 1480 754 1541 iter.
1037 1485 1079 1547 4ο

107 1578 156 1640 Sic
172 1598 227 1658 ego
241 1576 304 1637 sola
317 1590 419 1657 petor3
441 1575 494 1636 soli
510 1577 577 1658 quia
591 1597 680 1637 causa
695 1576 816 1659 petendi
830 1589 886 1640 est.

148 1672 313 1734 Frondibus
328 1671 442 1733 intactis
456 1685 560 1733 catera
574 1672 658 1734 turba
672 1674 778 1735 virent.

107 1768 186 1832 Nam
202 1769 281 1852 quod
296 1769 406 1830 habent
421 1767 539 1830 frutices
554 1768 602 1830 alii
617 1790 734 1852 quoque
749 1768 885 1853 proxime
898 1769 984 1833 nobis

148 1864 315 1949 Fragmina,
331 1887 393 1948 quae
409 1864 477 1926 laeso
491 1865 599 1927 vimine
615 1866 708 1928 multa
719 1865 820 1950 jacent
829 1888 838 1943 ;

105 1962 174 2027 Non
190 1964 248 2025 istis
264 1985 316 2024 sua
331 1962 407 2025 sacta
420 1978 545 2025 nocent:
570 1963 674 2025 vicinia
690 1964 798 2028 damno
811 1976 868 2027 ost.
1035 1966 1076 2027 45

148 2060 310 2143 Excipiunt
325 2061 383 2122 ictu
398 2081 470 2121 saxa
485 2060 602 2142 repulsa
616 2081 695 2122 meo.

105 2154 197 2238 quue
212 2156 269 2217 fide
283 2170 400 2232 careat3
422 2156 445 2216 si
460 2177 529 2231 non,
546 2177 609 2238 quae
624 2155 738 2238 longius
752 2157 869 2234 absunt,

145 2250 287 2313 Nativum
302 2252 427 2313 retinent
442 2252 579 2314 inviolata
594 2253 694 2314 decus.

105 2348 197 2430 Ergo,
212 2350 235 2410 si
251 2350 375 2432 sapiant,
390 2362 421 2410 et
436 2363 566 2411 mentem
581 2350 670 2411 verba
685 2362 861 2433 sequantur3

145 2446 322 2508 Devoveant
338 2446 453 2507 umbras
468 2447 601 2528 proxima
618 2468 739 2530 quaequo
753 2468 845 2510 meas.
1034 2449 1075 2510 60

103 2542 205 2614 Quium
220 2544 359 2603 miserum
376 2556 431 2618 est,
446 2544 545 2605 odium
560 2544 673 2607 damnis
688 2545 830 2607 accedere
844 2544 969 2622 nostrin

144 2637 257 2721 Meque
271 2658 352 2700 ream
366 2640 460 2700 nimiae
476 2640 668 2722 proximitatis
682 2643 746 2722 agi!

102 2736 174 2812 Sed,
190 2749 272 2819 puto,
288 2758 393 2818 magna
407 2737 466 2799 mei
481 2750 526 2799 est
541 2759 665 2820 opemso
680 2760 751 2800 curu
763 2738 880 2802 colono.

142 2833 289 2911 breniae,
305 2834 353 2918 qui
369 2834 419 2896 det
433 2835 473 2897 nil
489 2835 571 2910 mihi,
587 2848 691 2916 preter
705 2837 840 2897 humum.

101 2929 214 3013 Sponte
228 2933 297 2992 met
310 2931 400 2994 facilis
414 2946 586 3016 contempto
600 2953 705 2994 nascor
719 2933 747 2994 in
762 2953 850 3014 ogm:
1030 2935 1072 2996 ⁶5

142 3025 273 3108 Parsque
288 3027 355 3103 loci,
371 3029 430 3110 qud
443 3044 499 3105 sto,
515 3030 632 3112 publica
646 3029 723 3113 pene
739 3029 787 3091 via
800 3042 856 3091 est.

100 3121 164 3197 Me,
179 3133 292 3183 satane
308 3122 411 3184 laedam
429 3124 581 3209 (quoniam
596 3139 658 3188 sata
672 3125 776 3187 laedere
791 3123 899 3208 dicor),

141 3219 221 3281 Imus
237 3218 265 3280 in
281 3233 414 3280 extremo
428 3222 557 3301 margine
572 3222 678 3285 fundus
694 3223 793 3284 habet.

99 3314 169 3379 Non
184 3317 255 3379 mihi
270 3316 330 3379 salx
345 3316 447 3378 nimias
464 3316 598 3381 Saturnia
612 3321 734 3403 deputat
748 3321 884 3384 umbras:

141 3412 286 3477 Duratam
300 3426 421 3475 renovat
435 3434 494 3475 non
508 3414 579 3475 mihi
595 3415 686 3480 sossor
699 3417 835 3481 humum.
1027 3417 1071 3481 60

99 3507 170 3572 Sole
183 3510 254 3574 lic'et
266 3511 404 3578 simeone
418 3509 466 3571 siti
480 3509 607 3592 peritura
620 3512 769 3591 laborem;
