2356 4110
451 186 625 239 selmona
647 185 706 238 vn.

105 330 210 396 Certus
226 354 270 410 es,
284 332 394 410 AEnea‚
409 355 478 395 cum
493 332 605 396 foedere
620 333 735 395 solvere
750 353 858 396 naves:

145 429 283 515 Quaeque
298 430 348 492 ubi
364 430 420 493 sint
434 431 540 506 nescis,
555 429 631 493 Itala
643 451 735 512 regna
748 429 843 514 sequi.

102 525 167 590 Nec
182 550 261 591 nova
275 528 436 609 Carthago,
451 549 507 590 nec
522 541 552 589 te
566 528 728 590 crescentia
742 541 864 610 tangunt

144 624 278 701 Moenia3
301 646 357 686 nec
372 638 489 707 sceptro
503 624 608 686 tradita
623 645 739 685 summa
752 638 814 686 tuo.
1041 630 1080 688 10

101 720 195 784 Facta
210 721 305 804 sugis3
327 721 459 784 facienda
476 722 562 804 petis.
608 718 780 793 Quaerenda
794 743 848 805 per
861 723 964 786 orbern

143 820 259 896 Altera,
276 820 395 903 quaesita
410 834 454 881 est
469 820 560 881 altera
575 832 651 880 terra
669 819 733 880 tibi.

101 915 145 980 Ut
159 932 268 980 terram
283 918 425 994 invenias,
441 916 505 1002 quis
520 938 587 978 eam
601 916 654 979 tibi
669 916 764 978 tradet
779 917 967 982 habendam?

144 1014 224 1088 Quis
238 1036 291 1077 sua
306 1037 365 1077 non
379 1014 455 1076 notis
470 1035 539 1076 arva
553 1014 682 1076 tenenda
697 1014 799 1077 dabit?

105 1114 187 1176 Alter
202 1113 355 1175 habendus
370 1134 452 1175 amor
466 1112 517 1174 tibi
533 1125 632 1189 restat,
648 1113 782 1174 etaltera
798 1112 897 1175 Dido:
1040 1117 1078 1176 15

144 1210 306 1295 Quamque
322 1212 427 1273 iterum
442 1210 536 1286 sallas,
552 1211 642 1273 altera
658 1210 754 1272 danda
768 1210 851 1273 fides.

107 1305 232 1381 Quando
248 1309 312 1387 erit,
327 1321 359 1370 ut
372 1305 483 1370 condas¹
494 1308 583 1369 instar
594 1306 780 1388 Carthaginis
792 1308 906 1384 urbem,

144 1405 184 1468 Et
199 1406 299 1468 videas
315 1406 441 1489 populos
455 1395 531 1468 altus
546 1407 584 1467 ab
599 1427 665 1468 arce
680 1408 766 1467 tuos?
963 1403 965 1405 ’

110 1501 209 1566 Omnia
223 1517 257 1566 ut
271 1505 417 1580 eveniant,
432 1525 488 1565 neo
503 1516 532 1564 te
548 1517 598 1565 tua
613 1517 681 1564 vota
695 1515 846 1565 morentur
854 1523 863 1578 ;

144 1601 232 1664 Unde
248 1602 311 1679 tibi,
327 1624 390 1686 quae
405 1615 435 1663 te
451 1601 492 1663 sio
507 1615 597 1678 amet,
611 1623 687 1663 uxor
701 1601 776 1663 erit?
1035 1602 1078 1662 20

114 1696 210 1762 AEneas
224 1700 318 1762 oculis
333 1720 452 1783 semper
465 1699 610 1780 vigilantis
624 1699 763 1761 inhaeret:

146 1797 260 1859 AEnean
275 1798 373 1860 animo
387 1817 507 1880 noxque
524 1796 645 1880 diesque
661 1795 760 1858 refert.

115 1888 153 1956 tte
168 1897 288 1980 quidem
303 1895 380 1957 male
396 1908 505 1976 gratus,
521 1907 551 1956 et
566 1894 603 1956 ad
619 1915 685 1955 mea
699 1913 822 1955 munera
836 1889 958 1968 surdus3

145 1991 183 2054 Et
197 2016 267 2077 quo,
282 1993 305 2055 si
320 2014 379 2055 non
394 1993 448 2055 sim
463 1992 561 2068 stulta,
576 2013 675 2054 carere
691 1991 796 2053 velim:

115 2082 168 2151 Non
183 2105 284 2152 tamen
299 2090 428 2166 AEnean,
444 2089 578 2173 quamvis
593 2090 670 2150 male
685 2089 805 2171 cogitat,
820 2089 886 2151 odi:
1032 2082 1075 2145 25

145 2188 201 2249 Sed
218 2209 324 2272 queror
338 2188 469 2262 infidum,
485 2201 647 2271 questaque
662 2186 747 2270 pejus
762 2207 840 2248 amo.

114 2278 204 2363 Parce,
220 2284 337 2362 Venus,
352 2284 448 2361 nurui,
464 2284 628 2366 durumque
644 2283 822 2365 amplectere
837 2282 966 2360 fratrem,

143 2382 246 2446 Frater
260 2384 371 2445 Amor:
395 2383 495 2444 castris
510 2382 614 2445 militet
628 2381 677 2443 ille
694 2381 760 2443 tuis.

109 2476 130 2540 F
132 2482 199 2544 allor
211 2504 219 2557 ;
243 2495 273 2542 et
287 2481 341 2542 ista
355 2480 426 2542 mihi
441 2479 514 2541 salsb
525 2479 653 2563 jactatur
667 2479 775 2560 imago.

142 2577 245 2642 Matris
261 2579 298 2639 ab
313 2576 430 2659 ingenio
446 2577 564 2640 dissidet
580 2578 628 2639 ille
643 2599 713 2640 suae.

105 2675 147 2737 Te
161 2678 246 2760 lapis,
261 2690 292 2738 et
306 2690 431 2750 montes,
446 2675 602 2759 innataque
617 2676 738 2757 rupibus
753 2674 817 2735 aitis

143 2774 273 2850 Robora,
290 2787 319 2835 te
334 2795 417 2835 saevae
433 2774 615 2856 progenuere
631 2771 715 2834 ferae:

101 2873 162 2933 Aut
176 2893 268 2948 mare,
285 2870 370 2954 quale
386 2870 467 2932 vides
483 2871 584 2952 agitari
598 2891 677 2932 nuno
692 2889 810 2953 quoque
825 2871 940 2936 ventis:

142 2968 235 3042 Quod
249 2982 348 3030 tamen
364 2968 493 3030 adversis
507 2969 643 3030 fluctibus
658 2968 699 3029 ire
714 2988 808 3050 paras.

100 3066 171 3139 Quo
187 3066 284 3148 fugis?
306 3066 403 3128 obstat
418 3066 529 3127 hiems:
553 3065 657 3127 hiemis
672 3064 744 3127 mihi
759 3066 850 3147 gratia
865 3066 965 3148 prosit.
1030 3068 1074 3129 35

141 3164 285 3247 Adspice,
300 3176 333 3224 ut
347 3185 465 3225 eversas
479 3163 608 3224 concitet
623 3162 721 3224 Eurus
737 3185 837 3248 aquas.

96 3260 190 3335 Quod
205 3262 258 3324 tibi
273 3261 437 3337 maluerim,
453 3260 515 3321 sine
530 3281 579 3322 me
594 3259 701 3322 debere
717 3259 862 3343 procellis.

138 3358 251 3423 Justior
265 3372 311 3422 est
326 3358 424 3421 animo
439 3372 545 3420 ventus
560 3371 590 3420 et
604 3357 685 3420 unda
698 3371 760 3419 tuo.

401 3458 439 3517 14
