2356 4110
465 303 573 352 maun
588 303 634 352 JV.
994 302 1036 361 53

61 454 141 518 Nunc
156 475 279 539 quoque
294 475 353 516 neo
368 451 483 535 fugiunt
496 452 659 530 hominem,
673 473 730 517 nec
746 454 867 517 vulnere
882 455 1008 522 redunt:

62 551 196 638 Quidque
212 551 296 637 psius
311 551 427 628 suerint,
445 550 550 634 placidi
565 551 726 614 meminere
743 552 895 617 dracones.

296 767 397 809 ATLAS
421 766 454 808 ΙΝ
477 765 613 808 MORTEM
633 766 793 810 manuus·

416 998 418 1001 Ι
485 937 515 978 ν.
533 918 606 979 620.

10 1030 12 1045 '
99 1041 170 1104 lude
185 1062 241 1125 per
254 1040 432 1102 immensum
446 1038 541 1101 ventis
556 1037 737 1101 discordibus
752 1050 855 1117 acttus

66 1135 144 1202 Nune
159 1140 231 1216 huc,
246 1159 325 1201 nunc
340 1137 420 1215 illuc,
435 1137 576 1219 exemplo
590 1135 676 1200 nubis
690 1157 817 1219 aquose,

65 1234 173 1313 Fertur,
189 1250 221 1299 et
237 1257 275 1299 ex
292 1235 351 1299 aJto
366 1235 503 1298 seductas
518 1234 627 1296 aethere
641 1234 729 1316 longe

64 1332 221 1418 Despectat
237 1348 346 1410 terras3
368 1346 522 1416 totumque
537 1331 706 1414 supervolat
720 1332 832 1396 orbem.

62 1430 119 1495 Ter
131 1432 245 1515 gelidas
259 1432 378 1508 Arctos,
393 1444 438 1494 ter
453 1429 563 1493 Caneri
576 1429 694 1492 brachia
709 1430 797 1493 vidit:

61 1529 142 1613 Saepe
156 1531 212 1592 sub
228 1550 362 1605 occasus,
377 1548 455 1611 saepe
471 1541 516 1590 est
531 1528 644 1589 ablatus
658 1527 688 1589 in
703 1541 795 1590 ortus.

59 1625 182 1711 Jamque
197 1627 324 1691 cadente
339 1627 398 1703 die,
413 1626 522 1689 veritus
536 1647 568 1688 se
584 1626 705 1688 credere
720 1626 810 1703 nocti,

58 1723 198 1788 Constitit
213 1722 372 1808 Hesperio,
387 1723 484 1806 regnis
498 1723 638 1801 Atlantis,
653 1724 683 1786 in
697 1724 787 1801 orbe3

58 1819 267 1906 Exiguamque
282 1822 357 1905 petit
370 1821 514 1905 requiem,
529 1823 602 1883 dum
616 1820 738 1884 Lucifer
752 1822 836 1902 ignes

55 1919 174 1983 Erocet
189 1920 325 1996 Aumrae,
339 1940 440 1983 currus
455 1920 572 1981 Aurora
587 1919 716 1980 diurnos.

97 2016 159 2080 Hic
174 2017 327 2111 homipum
341 2030 465 2098 cunctos
480 2016 591 2107 ingenti
599 2036 729 2098 ,corpore
744 2028 883 2098 praestans

55 2114 259 2198 Japetionides
274 2115 359 2176 Atlas
373 2113 438 2177 suit.
482 2113 597 2176 Ultima
611 2115 697 2175 tellus

55 2211 143 2293 Rege
158 2214 213 2275 sub
228 2213 297 2289 hoe,
312 2226 342 2273 et
357 2225 464 2295 pontus
479 2225 551 2288 erat,
568 2212 617 2295 qui
632 2212 700 2274 solis
715 2211 829 2274 anhelis

55 2309 188 2393 AEquora
203 2309 300 2372 subdit
315 2309 409 2392 equis
424 2323 455 2371 et
470 2307 562 2371 sessos
578 2309 690 2391 excipit
705 2330 788 2370 axes

55 2405 141 2469 Mille
155 2428 260 2489 greges
275 2407 326 2484 illi,
341 2406 524 2489 totidemque
540 2419 672 2468 armenta
687 2427 740 2489 per
754 2406 860 2468 herbas

55 2504 218 2567 Errabant:
241 2517 272 2567 et
286 2505 409 2566 humum
424 2503 530 2567 vicinia
544 2503 625 2565 nulla
638 2503 823 2586 premebant.

54 2603 196 2664 Arboreae
211 2600 339 2677 srondes,
355 2622 426 2664 auro
440 2601 572 2664 radiante
588 2601 725 2680 virenteS,

55 2699 107 2761 Ex
123 2721 193 2761 auro
207 2721 316 2777 ramos,
329 2721 370 2762 ex
384 2719 455 2762 auro
470 2720 560 2783 poma
573 2700 722 2781 tegebant.

56 2795 216 2880 ‘Hospes‚'
233 2797 273 2860 ait
286 2796 416 2860 Perseus
430 2797 481 2874 illi,
498 2805 569 2860 ‘seu
584 2798 675 2879 gloria
689 2797 783 2879 tangit

55 2893 104 2957 Te
120 2895 235 2976 generis
249 2895 367 2976 magni;
389 2895 504 2977 generis
518 2896 591 2957 mihi
604 2893 723 2976 Jupiter
741 2904 859 2955 auctor:

56 2992 127 3054 Sive
143 3013 175 3054 es
189 2993 310 3055 mirator
323 3013 439 3069 rerum3
458 2993 605 3060 mirabere
620 3005 743 3054 nostras.

55 3088 228 3173 Hospitium
243 3090 435 3174 requiemque
451 3091 544 3173 peto.²
589 3088 710 3152 Memor
724 3090 773 3152 ille
790 3102 912 3154 vetuste
969 3091 1032 3155 285

55 3188 149 3251 Sortis
164 3201 243 3251 erat:
270 3186 409 3274 (Themis
424 3189 501 3251 hane
516 3188 636 3250 dederat
650 3188 808 3252 Parnassia
820 3184 945 3274 sortem)

56 3285 221 3369 ‘Tempus
236 3286 319 3364 Ana,
335 3286 444 3363 veniet,
459 3299 511 3363 tua
525 3306 584 3368 quo
598 3287 769 3370 spoliabitur
783 3307 853 3349 auro

53 3384 170 3447 Arbor:
194 3396 225 3446 et
239 3384 320 3446 huno
335 3384 440 3467 praedae
455 3383 573 3446 titulum
587 3383 665 3446 Jove
679 3398 765 3448 natus
780 3379 919 3446 habebit'

55 3481 89 3544 ld
104 3495 254 3559 metuens,
268 3482 366 3620 solidip
380 3482 513 3566 pomaria
527 3481 672 3544 clauserat
691 3482 775 3544 Atlas

314 3582 335 3641 5
