2356 4110
420 300 487 353 ΜΒ.
506 302 553 354 lv.
585 304 722 356 sunam
744 305 777 355 X.

127 438 202 536 Saepe
215 466 299 536 pater
312 452 398 530 dixit,
413 453 551 517 Studium
566 453 637 538 quid
651 455 753 520 inutile
767 458 885 520 tentas?

161 549 319 614 Maeouides
334 551 429 613 nullas
443 553 507 635 ipse
522 552 640 636 reliquit
654 574 738 636 opes.

112 634 215 710 Motus
230 671 312 711 eram
327 649 427 712 dictis:
451 662 573 733 totoque
589 649 735 714 Helicone
750 652 863 730 relicto,

157 746 289 808 Scribere
303 747 431 809 conabor
445 748 533 809 verba
548 747 643 810 soluta
657 748 762 810 modis,

104 833 226 924 Sponte
240 845 296 906 sut
309 865 447 906 numeros
461 865 580 906 carmen
595 845 733 908 veniebat
746 845 785 908 ad
799 859 900 930 aptos:

154 939 206 1016 Et,
222 941 302 1024 quod
318 941 466 1003 tentabam
480 941 589 1018 dicere,
605 962 706 1004 versus
721 956 793 1005 erat.

99 1025 241 1114 Interea,
256 1038 345 1099 tacito
360 1058 446 1120 passu
461 1038 625 1100 labentibus
640 1038 734 1115 aunis,

154 1135 289 1196 Liberior
302 1134 381 1197 fiatri
395 1148 523 1218 sumpta,
538 1135 680 1218 mihique,
695 1149 763 1218 toga
778 1149 843 1199 est:

86 1221 304 1316 'Induiturque
319 1233 458 1295 humeros
472 1254 541 1294 cum
555 1232 616 1295 lato
631 1254 761 1316 purpura
775 1234 878 1297 clavo:

154 1329 196 1392 Et
211 1330 340 1392 studium
355 1330 448 1407 nobis,
464 1329 542 1413 quod
557 1329 610 1392 suit
624 1329 704 1406 ante,
719 1345 830 1394 manet.

105 1420 241 1511 Jamque
255 1427 362 1489 decem
373 1427 438 1489 vitre
452 1426 541 1489 frater
555 1427 755 1508 geminaverat
769 1449 872 1507 annos,

153 1524 236 1587 Cum
251 1525 344 1607 perit;
366 1536 397 1586 et
410 1525 491 1607 coepi
505 1537 587 1607 parte
602 1545 701 1586 carere
715 1524 786 1588 mei.

110 1619 258 1704 Cepimus
274 1635 304 1684 et
318 1635 425 1684 tenera
440 1621 549 1705 primos
564 1621 654 1684 aetatis
669 1623 813 1699 honores3

154 1718 244 1803 Eque
258 1719 324 1782 viris
339 1718 488 1802 quondam
502 1739 569 1802 pars
583 1719 675 1781 tribus
689 1740 749 1782 una
763 1718 815 1782 fui.

115 1816 205 1880 Curia
219 1817 362 1880 restabat:
385 1816 463 1879 clavi
476 1837 614 1878 mensura
626 1830 730 1880 coacta
744 1831 807 1880 est:

153 1913 254 1999 Majus
269 1928 330 1977 erat
344 1913 448 1976 nostris
463 1913 571 1976 viribus
586 1913 657 1976 illud
672 1934 757 1976 onus.

114 2010 179 2075 Nec
194 2012 308 2095 patiens
321 2032 440 2095 corpus,
455 2031 512 2072 nec
526 2032 610 2073 mens
626 2009 680 2074 suit
694 2025 763 2094 apta
776 2009 877 2087 labori,

153 2109 351 2193 Sollicitaeque
365 2107 456 2190 firgax
471 2108 636 2171 ambitionis
651 2129 749 2171 eram:

112 2206 152 2269 Et
167 2221 270 2290 petere
285 2206 390 2268 Atiniae
405 2205 568 2267 suadebant
581 2219 644 2268 tuta
658 2227 771 2269 sorores

151 2304 235 2381 Otia,
246 2303 357 2389 judicio
371 2324 490 2386 semper
503 2317 601 2365 amata
621 2324 700 2365 meo.

109 2401 269 2485 Temporis
284 2402 360 2464 illius
373 2401 451 2463 colui
467 2399 585 2483 fovique
600 2404 722 2484 poetas3

153 2498 298 2582 Quotque
313 2499 433 2561 aderant
448 2511 542 2574 vates,
556 2497 641 2560 rebar
654 2497 757 2560 adesse
771 2497 855 2560 deos.

109 2597 197 2679 Saepe
213 2617 279 2658 suas
295 2596 427 2658 volucres
441 2595 602 2677 legitmihi
613 2595 748 2677 grandior
761 2616 834 2672 evo,
934 2655 953 2687 Α

152 2692 291 2777 Quaeque
305 2707 393 2755 necet
408 2713 540 2775 serpeus,
556 2713 619 2776 quae
630 2691 716 2776 juvet
731 2692 833 2766 herba,
848 2683 964 2753 Macer.
1023 2759 1029 2771 ,
1052 2768 1055 2773 ¹

108 2791 198 2873 Saepe
213 2812 281 2852 suos
296 2791 397 2852 solitus
410 2790 533 2853 recitare
547 2787 720 2872 Propertius
735 2789 835 2869 ignes;

151 2887 224 2951 Jure
239 2887 373 2950 sodalitio
388 2887 437 2971 qui
451 2887 523 2949 mihi
533 2886 654 2971 junctus
668 2897 741 2947 erat.

107 2987 253 3051 Ponticus
268 2987 381 3065 Heroo‚
395 2987 510 3050 Bassus
526 3008 644 3071 quoque
658 2985 753 3048 clarus
768 2981 882 3060 limbo,

152 3085 262 3148 Dulcia
275 3084 427 3148 convictus
441 3085 574 3147 membra
588 3083 670 3146 suere
685 3082 753 3144 mei.

107 3182 152 3245 Et
166 3183 260 3245 tenuit
274 3195 386 3244 nostras
401 3202 574 3244 numerosus
589 3179 729 3242 Horatius
744 3200 847 3256 aures;

152 3278 237 3342 Dum
252 3279 317 3343 ferit
333 3278 466 3342 Ausonia
479 3278 608 3341 carmina
621 3277 702 3340 culta
715 3276 791 3360 lyra.
831 3319 836 3328 ·
906 3265 918 3286 ⁰

107 3375 268 3461 Virgilium
285 3377 345 3440 vidi
358 3377 489 3440 tantum:
513 3397 569 3438 nec
584 3395 682 3438 amara
696 3372 816 3436 Tibullo

152 3473 289 3560 Tempus
303 3471 511 3634 curicitiaeesatu
524 3472 635 3536 dedere
649 3491 734 3536 mee.

413 3577 426 3636 l
