2356 4110
465 349 573 397 monn
591 349 639 397 111.
990 346 1029 406 41

56 498 169 563 Praeter
182 521 285 584 aquas.
330 496 435 561 Unum
448 499 506 561 hoc
522 520 643 582 possum
658 500 808 582 appellare
822 514 988 584 petentum.

59 595 136 661 Mox
150 622 217 682 ego,
231 619 272 660 ne
286 596 416 680 scopulis
430 598 571 659 haererem
585 618 703 680 semper
717 597 747 658 in
762 597 867 675 isdem,
972 600 1033 663 rto

67 694 198 759 Addidiei
211 696 356 778 regimen,
371 694 478 756 dextri
490 695 672 770 moderante,
687 695 792 756 carine

68 787 214 856 Flectere:
238 806 269 855 et
283 791 399 855 Oleniae
413 793 492 854 sidus
507 792 635 875 pluviale
649 792 781 874 capellae,

73 885 287 973 Taygetenque,
302 888 486 972 Hyadesque
501 889 593 950 oculis
608 887 781 971 Arctonque
795 889 904 966 notavi,

76 980 286 1070 Ventorumque
301 986 415 1062 domos,
426 999 457 1047 et
472 1000 573 1068 portus
584 984 732 1069 puppibus
744 998 840 1068 aptos.
971 988 1033 1051 180

112 1080 193 1146 Forte
208 1097 316 1167 petens
330 1082 442 1159 Delon,
457 1082 523 1144 Diae
538 1083 649 1144 telluris
663 1083 701 1144 ad
715 1104 781 1145 oras

82 1174 213 1261 Applicor,
229 1192 260 1242 et
274 1180 386 1241 dextris
400 1180 530 1242 adducor
543 1180 639 1242 littora
653 1181 759 1244 remis:

83 1270 170 1360 Doque
183 1279 266 1341 leves
280 1278 388 1340 saltus:
411 1278 536 1361 udaeque
551 1278 657 1340 innitor
671 1300 776 1341 arene.

85 1367 138 1436 Nor
149 1377 196 1438 ubi
208 1388 386 1458 consumpta
400 1389 463 1451 est;
485 1375 602 1437 Aurora
614 1377 769 1439 rubescere
784 1377 910 1460 primum

86 1464 221 1555 Ceperat:
246 1494 386 1555 exsurgo,
401 1473 563 1557 laticesque
577 1473 683 1536 inferre
697 1489 831 1537 recentes
972 1478 1033 1540 185

85 1562 237 1648 Admoneo3
258 1584 448 1655 monstroque
463 1571 552 1648 viam,
569 1592 632 1655 quo
647 1572 735 1634 ducat
751 1573 786 1634 ad
801 1572 906 1636 undas.

86 1657 145 1743 lpse,
159 1668 225 1752 quid
241 1689 312 1731 aura
326 1668 398 1730 mihi
412 1670 526 1730 tumulo
540 1670 690 1752 promittat
705 1670 742 1732 ab
756 1671 826 1748 alto,

10 1778 12 1785 ·
85 1752 229 1846 Prospicio:
251 1766 434 1849 comitesque
450 1787 534 1842 voco,
550 1780 711 1850 repetoque
725 1768 864 1830 carinam.

86 1855 241 1924 “Adsumus
257 1862 327 1939 en,''
343 1862 446 1946 inquit,
461 1863 605 1926 sociorum
621 1864 731 1946 primus
745 1863 911 1947 Opheltes:

85 1945 164 2038 thue
176 1973 272 2042 putat,
284 1960 412 2043 predam
427 1960 543 2022 deserto
557 1973 660 2022 nactus
674 1960 705 2022 in
720 1981 800 2042 agro,
972 1964 1033 2026 190

87 2043 202 2134 Virginea
216 2078 343 2140 puerum
358 2057 439 2120 ducit
453 2079 507 2141 per
519 2058 615 2120 littora
630 2056 734 2120 sormi.
748 2072 799 2167 ᾧ

116 2145 169 2229 llle,
180 2175 265 2216 mero
279 2175 442 2238 somnoque
457 2155 563 2238 gravis,
578 2156 702 2218 titubare
718 2156 833 2218 videtur
841 2181 851 2237 3

87 2237 182 2332 Virque
195 2252 291 2335 sequi.
336 2251 448 2336 Specto
461 2253 585 2330 cultum,
600 2253 775 2337 saniemque,
791 2255 988 2340 gradumque:

87 2334 122 2405 Nil
134 2346 176 2424 ibi,
191 2350 271 2433 quod
285 2363 385 2432 posset
399 2350 480 2412 credi
493 2350 627 2427 mortale,
643 2351 790 2413 videbam.

87 2433 203 2525 Etsensi,
219 2461 250 2510 et
264 2446 327 2509 dixi
340 2446 437 2524 sociiS,
452 2445 575 2520 “Quod
589 2469 699 2510 numen
713 2448 743 2510 in
757 2448 813 2511 isto
974 2453 1033 2514 195

85 2531 195 2625 corpore
210 2545 248 2617 sit
258 2544 382 2607 dubito:
405 2545 457 2607 sed
472 2566 595 2628 corpore
609 2567 719 2609 numen
734 2547 764 2608 in
778 2546 834 2610 isto
849 2562 904 2610 est.

83 2630 205 2725 Quisquis
219 2663 263 2720 es,
278 2663 297 2704 o
312 2636 422 2719 faveas,
437 2643 600 2726 nostrisque
615 2643 760 2707 laboribus
775 2645 862 2707 adsis.

80 2730 124 2798 llis
137 2760 251 2823 quoque
265 2739 319 2801 des
334 2739 484 2801 veniam.''
529 2740 619 2802 “Pro
633 2741 717 2803 nobis
731 2742 815 2803 mitte
830 2742 974 2823 precari,''

77 2829 170 2918 Dictys
184 2839 241 2899 ait:
265 2858 325 2920 quo
338 2858 397 2899 non
412 2837 485 2899 alius
499 2838 697 2900 conscendere
712 2858 840 2899 summas

72 2928 154 2995 Ocior
167 2947 320 3012 antennas,
336 2956 501 3018 prensoque
515 2935 639 2997 rudente
654 2935 756 2996 relabi.
970 2938 1034 3001 200

69 3028 132 3093 Hoc
145 3031 249 3115 Libys,
265 3033 323 3094 hoc
337 3032 442 3110 flavus,
457 3054 549 3116 prore
564 3033 666 3110 tutela,
681 3031 863 3113 Melanthus,

66 3127 131 3192 Hoc
145 3131 249 3213 probat
263 3130 459 3194 Alcimedon:
484 3130 524 3209 et',
540 3133 589 3216 qui
603 3132 794 3216 requiemque
808 3133 990 3219 modumque

65 3227 146 3291 Voce
161 3229 249 3292 dabat
263 3228 362 3306 remis,
377 3230 539 3301 annnorum
554 3230 684 3292 hortator
698 3229 861 3314 Epopeus:

60 3324 130 3389 Hoc
143 3347 248 3389 omnes
262 3326 322 3389 alii
366 3325 477 3389 Praedae
491 3340 551 3389 tam
566 3348 646 3390 caeca
658 3329 768 3412 cupido
782 3341 837 3391 est.

58 3432 79 3462 ‘⁴
88 3422 160 3487 Non
174 3437 276 3487 tamon
290 3424 368 3488 hunc
383 3445 466 3487 sacro
480 3424 580 3488 violari
595 3427 726 3509 pondere
740 3427 843 3509 pinum
970 3426 1034 3489 205

55 3522 248 3609 Perpeuny
262 3521 342 3586 dixi:
362 3530 464 3615 ,ἔκρανε
477 3521 527 3586 hic
540 3524 613 3586 mihi
627 3523 757 3587 maxima
766 3522 874 3608 juris.''

316 3622 367 3685 4*
568 3634 571 3641 '
