2356 4110
56 1900 60 2019 l

56 2464 59 2587 l

56 2688 59 2727 l

478 116 587 166 LIBER
605 115 680 166 XIII.
1010 122 1071 184 129

144 262 248 330 littore
263 265 409 330 Threicio
422 267 547 331 classem
563 266 698 350 religarat
712 268 845 346 Atrides,

105 353 177 426 Dum
190 385 270 427 mare
286 377 436 448 pacatum,
451 365 523 428 dum
538 380 642 428 ventus
653 366 773 429 amicior
786 381 876 430 esset.
1005 373 1069 436 435

104 455 156 524 llic
168 463 275 540 subitd,
291 477 428 548 quantae,
442 465 512 527 cium
531 465 654 542 viveret,
670 486 733 526 esse
749 466 873 546 solebat,

101 555 165 622 Exit
179 561 272 623 humo
286 561 345 623 late
361 561 459 645 rupti,
474 562 634 645 similisque
648 563 767 639 minaci,

100 656 250 741 Temporis
265 659 342 721 illius
358 660 471 722 vultum
487 660 631 722 referebat
646 661 791 738 Achilles,

100 754 164 829 Quo
179 756 259 818 sems
273 757 382 842 injusto
396 759 481 842 petiit
494 759 723 840 Agamemnona
737 759 824 821 serre.

100 852 364 938 ‘Immemoresque
380 856 440 917 mei
454 855 623 933 disceditis‚'
639 855 743 939 inquit,
759 857 909 920 ‘Achivil
1005 863 1070 924 440

98 950 266 1037 Obrutaque
281 967 326 1015 est
341 975 459 1015 mecum
474 954 586 1016 virtutis
601 953 693 1035 gratia
707 956 832 1017 nostre?

99 1047 140 1111 Ne
154 1049 262 1112 facite:
285 1064 378 1133 utque
392 1072 493 1113 meum
508 1073 568 1113 non
583 1051 620 1113 sit
634 1051 696 1114 siue
711 1053 823 1114 honore
837 1053 1018 1138 sepulcrum,

98 1146 197 1211 Placet
212 1148 368 1210 Achilleos
384 1163 511 1211 mactata
526 1148 685 1231 Polyxena
701 1151 825 1212 manes!

134 1245 240 1308 Dixit:
264 1259 306 1324 et,
320 1246 425 1308 immiti
439 1247 524 1309 sociis
540 1246 708 1330 parentibus
722 1249 845 1326 umbra,

99 1340 194 1426 Rapta
208 1344 274 1405 sinu
289 1344 400 1420 matris,
416 1365 505 1428 quam
514 1343 578 1429 jam
592 1345 686 1428 prope
700 1344 763 1406 sola
778 1345 908 1423 fovebat,
1004 1350 1070 1412 445

99 1438 201 1518 Fortis,
216 1454 249 1503 et
262 1441 375 1519 infelix,
391 1455 422 1504 et
436 1442 593 1526 plusquam
607 1441 739 1520 foemina,
754 1443 837 1524 virgo

101 1535 221 1601 Ducitur
235 1539 274 1601 ad
287 1540 445 1617 tumulum,
461 1540 582 1624 diroque
596 1541 628 1602 fit
642 1539 738 1602 hostia
751 1540 848 1602 busto.
936 1558 939 1566 ·

103 1633 170 1707 Qum
186 1657 305 1699 memor
317 1637 382 1721 ipsa
395 1638 452 1714 sui,
469 1652 624 1723 postquam
639 1637 807 1700 crudelibus
821 1637 877 1699 aris

103 1731 225 1797 Admota
240 1749 287 1796 est
295 1757 304 1812 ;
326 1735 476 1819 sensitque
490 1736 545 1799 sibi
560 1736 622 1798 sera
635 1756 718 1797 sacra
733 1734 845 1818 parari;

103 1827 195 1914 thue
211 1829 448 1916 Neoptolemum
462 1847 598 1912 stantem,
614 1833 783 1917 ferrumque
798 1844 961 1910 tenentem,
1004 1833 1071 1895 450

104 1925 187 2014 Inque
201 1951 257 1992 suo
272 1930 345 1992 vidit
358 1931 499 2012 figentem
514 1932 624 1994 lumina
640 1932 722 1994 vultu
734 1951 743 2007 ;

105 2026 206 2090 ‘Utere
217 2027 396 2112 jamdudum
412 2050 556 2110 generoso
570 2028 732 2111 sanguine‚'
749 2027 840 2090 dixit:

104 2122 203 2188 ‘Nulla
217 2147 303 2187 mora
317 2139 373 2188 est.
418 2128 461 2190 At
475 2140 507 2189 tu
517 2126 633 2212 jugulo,
650 2125 698 2188 vel
713 2139 844 2207 pectore,
859 2125 951 2188 telum

104 2218 200 2285 Conde
215 2245 286 2286 meo
296 2223 314 2284 :'
334 2222 531 2309 jugulumque
546 2224 632 2286 simul
649 2236 813 2314 pectusque
827 2222 947 2285 retexit.

104 2319 234 2384 ‘Scilicet
249 2335 302 2383 aut
315 2321 367 2384 ulli
381 2322 491 2384 servire
506 2322 665 2405 Polyxena
679 2321 796 2396 serrem,
1006 2319 1072 2381 455

103 2417 155 2481 Aut
169 2441 226 2503 per
241 2419 302 2482 tale
315 2439 433 2482 sacrum
446 2441 556 2482 numen
572 2419 735 2503 placabitur
749 2417 853 2479 ullum.

102 2512 174 2579 Mors
192 2517 309 2580 tantiam
324 2517 434 2579 vellem
449 2530 573 2579 matrem
588 2539 656 2580 mea
670 2517 770 2579 fallere
790 2526 900 2595 posset.

102 2610 192 2677 Mater
207 2616 315 2692 obest;
337 2615 501 2698 minuitque
516 2615 597 2678 necis
611 2615 683 2676 mihi
697 2611 819 2694 gaudia:
843 2608 977 2691 quamvis

102 2707 161 2774 Non
176 2735 247 2776 mea
260 2735 341 2775 mors
356 2713 408 2790 illi,
423 2714 526 2776 verbm
537 2735 591 2776 sua
605 2714 664 2774 vita
678 2707 825 2792 gemenda
846 2719 902 2769 est.

104 2805 157 2871 Vos
171 2810 276 2887 modi),
292 2832 331 2872 ne
347 2810 467 2893 Stygios
482 2811 586 2873 adeam
601 2832 660 2872 non
676 2809 766 2872 libera
783 2826 898 2883 manes,
1009 2805 1074 2869 460

103 2902 165 2980 Este
181 2907 305 2991 procul;
328 2908 351 2970 si
363 2906 444 2992 justa
459 2923 546 2992 peto:
570 2920 710 2991 tactuque
727 2905 824 2968 viriles

104 2999 236 3088 Virgineo
252 3020 407 3069 removete
422 3012 543 3068 manus:
568 3006 718 3089 acceptior
731 3005 783 3081 illi,

103 3099 237 3189 Quisquis
252 3104 278 3167 is
293 3117 350 3181 est,
366 3126 454 3189 quem
469 3103 555 3166 caede
569 3103 638 3165 med
651 3105 768 3187 placare
785 3101 902 3185 paratis,

103 3197 183 3265 Liber
197 3203 253 3266 erit
268 3203 398 3286 sanguis.
443 3202 476 3263 Si
491 3223 564 3285 quos
579 3214 678 3264 tamen
688 3201 792 3263 ultima
805 3195 896 3260 nostri
1101 3275 1103 3280 Ι

105 3295 173 3363 Vota
187 3314 313 3367 movent
329 3301 406 3380 oris3
429 3300 538 3362 Priami
556 3321 607 3362 vos
621 3300 680 3362 iilia
695 3298 783 3379 regis,
1012 3291 1077 3354 465
