2356 4110
152 254 212 314 174
348 303 353 314 ,
581 258 691 309 raam.

149 410 213 475 Sex
228 411 354 489 Remus,
370 411 418 474 hic
433 411 566 473 volucres
579 409 624 472 bis
638 430 693 471 sex
709 408 789 471 videt
803 408 926 472 ordine:
949 423 1041 495 pacto

190 511 306 573 Statur:
329 523 360 572 et
374 508 523 572 arbitrium
538 507 686 569 Romulus
700 506 779 568 urbis
794 505 896 568 habet.
1089 511 1132 571 90

148 609 232 692 Apta
246 608 309 669 dies
322 606 439 688 legitur,
454 603 513 689 qud
526 605 637 668 moenia
650 604 746 686 signet
760 617 866 665 aratro.

190 703 281 767 Sacra
294 703 374 765 Palis
388 702 545 764 suberant:
570 701 637 763 inde
652 714 789 764 movetur
802 722 890 784 opus.

149 800 222 862 lude
238 821 376 884 premens
391 800 496 862 stivam
511 799 644 879 designat
658 797 769 861 moenia
784 797 885 860 sulco:

191 897 270 960 Alba
281 896 387 981 jugum
400 898 489 961 niveo
503 917 571 958 cum
588 896 664 957 bove
681 915 771 957 vacca
789 894 866 957 tulit.

150 992 221 1057 Vox
236 994 290 1057 suit
304 994 367 1056 hac
382 993 493 1076 Regis:
517 992 697 1068 ‘Condenti,
712 990 841 1075 Jupiter,
856 992 974 1069 urbem,
1087 996 1130 1056 95

192 1091 234 1154 Et
248 1093 363 1174 genitor
373 1090 508 1166 Mavors,
525 1090 678 1173 Vestaque
693 1103 796 1166 mater,
811 1089 900 1151 ades:

149 1187 295 1273 Quosque
310 1189 392 1272 pium
407 1201 453 1250 est
467 1187 605 1250 adhibere
621 1187 703 1262 deos,
718 1185 861 1247 advertite
877 1186 997 1249 cuncti:

192 1286 372 1369 Auspicibus
387 1286 469 1347 vobis
484 1285 541 1347 hoc
556 1284 628 1346 mihi
643 1296 742 1365 surgat
755 1305 842 1366 opus.

149 1382 255 1464 Longa
269 1384 306 1444 sit
320 1383 388 1444 huic
403 1395 482 1457 aetas,
497 1380 680 1465 dominaeque
695 1380 827 1464 potentia
841 1394 942 1443 terra:

192 1479 295 1562 Sitque
311 1480 365 1541 sub
379 1479 437 1542 haic
451 1479 546 1540 oriens
561 1478 761 1561 occiduusque
776 1477 860 1551 dies!
1070 1482 1133 1541 100

150 1575 203 1638 llle
219 1577 402 1660 precabatur.
445 1575 571 1639 Tonitru
586 1575 668 1638 dedit
681 1576 779 1638 omina
793 1575 867 1637 laevo

180 1673 326 1758 ¹Jupiter:
349 1688 379 1736 et
393 1675 467 1736 laevo
482 1673 602 1736 fulmina
616 1673 704 1734 missa
718 1672 798 1755 polo.
820 1689 821 1694 ’

150 1772 284 1854 Augurio
298 1772 356 1833 lati
366 1771 480 1855 jaciunt
495 1769 665 1832 fundamina
682 1769 782 1845 cives-3

193 1868 235 1930 Et
249 1890 344 1931 novus
360 1870 468 1950 exiguo
483 1881 617 1950 tempore
631 1888 732 1928 murus
749 1879 821 1928 erat.

152 1965 220 2028 Hoc
235 1965 327 2029 Celer
340 1981 425 2046 urget
439 1986 525 2048 opus,
540 1985 629 2047 quem
645 1962 793 2025 Romulus
807 1963 871 2045 ipse
889 1961 1010 2025 vocbrat
1019 1984 1029 2040 ;
1070 1966 1135 2026 105

194 2063 347 2146 ‘Sintque,
363 2060 465 2139 Celer,
479 2061 577 2138 curae,'
593 2061 718 2136 dixerat,
733 2060 806 2122 ‘ista
819 2059 899 2122 tuae.'

152 2160 239 2227 Neve
255 2160 319 2241 quis
334 2173 385 2221 aut
400 2179 509 2233 muros,
525 2170 575 2218 aut
589 2157 696 2220 saetam
711 2178 831 2219 vomere
846 2156 954 2219 fossam
990 2205 997 2216 .

193 2256 355 2318 Transeat:
379 2254 537 2316 audentem
552 2255 620 2316 talia
635 2254 711 2315 dede
726 2255 802 2316 neci.

152 2352 245 2426 Quod
260 2352 375 2414 Remus
390 2351 535 2434 ignorans,
551 2352 678 2415 humiles
693 2365 882 2413 contemnere
897 2372 998 2412 muros

194 2450 315 2532 Coepit:
340 2462 380 2525 et,
397 2448 471 2512 ‘His
486 2449 633 2532 populus,'
649 2449 758 2524 dicere,
774 2454 872 2509 ‘tutus
888 2447 942 2510 erit
952 2447 975 2509 i’
1071 2452 1134 2511 110

151 2545 219 2608 Nec
234 2567 325 2622 mora,
340 2546 492 2608 transiluit.
536 2545 633 2607 Rutro
647 2545 740 2607 Celer
753 2558 879 2628 occupat
894 2565 1011 2607 ausum.

194 2641 248 2704 llle
264 2643 371 2725 premit
385 2642 487 2704 duram
503 2643 741 2724 sanguinolentus
756 2643 890 2704 humum.

153 2740 227 2804 Hac
242 2741 292 2802 ubi
306 2741 379 2803 Rex
394 2741 505 2818 didicit,
521 2742 664 2823 lacrymas
678 2741 816 2803 introrsus
830 2740 947 2801 obortas

194 2837 338 2917 Devorat,
353 2853 384 2902 et
398 2839 530 2903 clausum
545 2851 665 2921 pectore
680 2838 785 2899 vulnus
799 2837 898 2898 habet.

153 2936 241 3000 Flere
256 2938 353 3021 palam
369 2960 427 2999 non
437 2938 514 3014 vult,
530 2936 727 3019 exemplaque
743 2933 827 2995 sortia
840 2946 956 2996 servat:
1070 2937 1131 2998 115

195 3033 323 3116 ‘Sicque
338 3055 420 3094 meos
435 3056 534 3097 muros
550 3046 676 3096 transeat
690 3031 802 3107 hostie,'
819 3031 868 3093 ait.

154 3131 216 3194 Dat
230 3145 329 3193 tamen
345 3132 517 3213 exsequias:
540 3151 596 3192 nec
607 3131 669 3215 jam
685 3128 865 3212 suspendere
880 3127 986 3191 fletum

196 3227 346 3303 Sustinet;
368 3240 398 3288 et
413 3226 506 3309 pietas
522 3227 700 3290 dissimulata
715 3239 807 3310 patet.
832 3259 835 3265 ›

154 3326 325 3410 Osculaque
340 3323 480 3407 applicuit
495 3324 590 3407 posito
605 3344 741 3407 suprema
756 3323 879 3386 feretro:
968 3372 970 3377 .

196 3422 298 3507 Atque
313 3423 370 3485 ait:
394 3420 508 3490 ‘Invitb
524 3419 611 3483 frater
625 3422 774 3504 adempte,
791 3419 877 3482 vale!
1070 3419 1134 3483 120
