2356 4110
165 313 226 374 126
473 312 820 371 unusuouruossou

162 471 210 533 Ire
224 492 278 554 per
292 470 442 546 excubias,
457 483 534 531 etse
548 469 733 530 committere
748 467 849 529 nocti?
903 496 906 502 ·

162 568 280 651 Perque
296 567 371 629 seros
386 587 482 642 enses,
496 588 555 628 non
570 566 684 628 tantirm
699 564 810 626 moenia
823 563 952 641 Troum,

163 664 276 727 Verum
291 666 379 727 etiam
394 685 523 726 summas
538 684 620 725 arces
635 663 750 739 intrare,
765 663 878 746 suique

162 762 286 845 Eripere
301 764 363 825 ede
378 762 476 839 deam,
490 775 662 844 raptamque
678 761 782 822 efferre
797 781 851 842 per
864 759 986 822 hostes?

162 859 240 934 Quae
254 861 308 924 nisi
320 860 465 938 fecissem,
480 859 583 922 frustra
597 859 763 920 Telamone
776 871 894 920 creatus

161 957 315 1020 Gestnsset
329 958 404 1020 laevt
414 972 563 1020 taurorum
577 970 691 1038 tergora
705 968 832 1037 septem.

160 1054 216 1117 Illt
230 1071 317 1118 nocte
331 1057 404 1118 mihi
418 1054 516 1140 Trojae
532 1054 651 1116 victoria
665 1066 748 1134 parta
762 1065 823 1114 est:

161 1152 308 1235 Pergama
323 1167 386 1215 tum
402 1153 468 1228 vici,
482 1152 551 1214 clun
567 1151 643 1212 vinci
660 1171 746 1232 posse
757 1149 854 1231 codgi.

203 1250 316 1312 Desine
331 1248 471 1333 Tydiden
486 1250 627 1330 vultuque
642 1261 672 1309 et
687 1268 835 1309 murmure
857 1247 942 1309 nobis

160 1346 318 1408 Ostentare
333 1367 452 1408 meum:
474 1366 541 1428 pars
555 1359 599 1407 est
614 1366 667 1406 sua
681 1345 773 1406 laudis
789 1345 817 1406 in
832 1344 899 1406 illis.

161 1443 228 1504 Nec
242 1457 285 1519 tu,
298 1444 367 1504 crim
382 1441 463 1504 socii
475 1443 616 1525 clypeum
632 1463 684 1524 pro
699 1443 792 1503 classe
807 1441 939 1517 tenebas,

161 1541 248 1602 Solus
263 1562 342 1603 eras:
366 1540 418 1603 tibi
433 1541 518 1602 turba
531 1561 642 1616 comes,
657 1540 729 1601 mihi
743 1539 865 1620 contigit
880 1560 974 1600 uuus..

161 1637 234 1715 Qui,
249 1639 303 1701 nisi
318 1660 484 1722 pugnacem
498 1639 584 1700 sciret
599 1638 732 1720 sapiente
745 1637 889 1698 minorem

161 1735 247 1812 Esse,
261 1758 317 1798 nec
332 1736 477 1798 indomitae
494 1735 592 1797 deberi
608 1735 726 1817 premia
741 1733 861 1810 dextre,

160 1831 228 1916 lpse
245 1855 361 1918 quoqne
376 1835 439 1896 haec
454 1847 585 1917 peteret:
609 1845 723 1916 peteret
737 1832 913 1894 moderatior
927 1831 1021 1916 Ajax,

160 1931 390 2016 Eurypylusque
405 1932 499 2008 ferox,
514 1933 651 2015 claroque
667 1930 858 1991 Andremone
872 1942 976 1991 natus:

159 2027 226 2091 Nec
241 2031 335 2092 minus
350 2029 537 2106 Idomeneus,
553 2028 703 2110 patriique
717 2040 834 2088 creatus
852 2025 958 2088 eidem
984 2013 989 2021 ⁵

159 2125 325 2188 Meriones:
349 2141 463 2208 peteret
476 2126 592 2210 majoris
606 2124 694 2188 frater
705 2124 829 2186 Atride.
848 2176 851 2183 .

159 2220 283 2305 Quippe
298 2245 386 2284 manu
403 2221 490 2284 fortes
507 2222 578 2308 (nec
593 2236 660 2284 sunt
674 2222 725 2284 tibi
741 2221 839 2283 Marte
860 2221 999 2308 secundi)

159 2318 296 2381 Consiliis
311 2320 426 2382 cessere
440 2321 525 2383 meis.
570 2321 639 2382 Tibi
656 2319 778 2381 dextera
792 2319 872 2381 bello
917 2350 920 2354 ⁴

158 2416 264 2492 Utilis3
286 2418 434 2498 ingenium
450 2433 505 2494 est,
522 2419 599 2502 quod
615 2431 683 2499 eget
699 2417 897 2478 moderamine
912 2419 1014 2479 nostri.

157 2514 207 2575 Tu
224 2515 299 2575 vires
314 2515 376 2575 sine
391 2529 489 2576 mente
504 2516 596 2596 geris:
609 2514 691 2599 'mihi
704 2535 774 2576 cura
790 2513 876 2576 futuri
891 2527 946 2575 est.

157 2610 207 2671 Tu
222 2632 351 2693 pugnare
367 2624 468 2695 potes:
492 2612 640 2695 pugnandi
654 2625 788 2693 tempora
803 2632 921 2673 mecum

158 2706 249 2789 Eligit
262 2706 402 2769 Atrides:
425 2720 457 2769 tu
473 2707 585 2768 tantum
600 2729 721 2791 corpore
737 2709 861 2792 prodes;

157 2805 221 2867 Nos
236 2806 350 2868 animo:
374 2821 541 2891 quantoque
556 2819 649 2867 ratem
665 2806 714 2889 qui
729 2819 883 2888 temperat,
899 2807 990 2869 anteit

157 2903 290 2984 Remigis
305 2904 452 2980 officium3
476 2918 585 2989 quanto
600 2904 662 2964 dux
676 2903 767 2965 milite
781 2902 891 2987 major;

156 2999 255 3060 Tanto
270 3021 325 3078 ego
340 3015 369 3061 te
385 3023 502 3083 supero.
548 3001 614 3063 Nec
629 3022 688 3063 non
702 3002 732 3062 in
746 3022 869 3083 corpore
884 3015 984 3065 nostro

156 3096 283 3158 Pectora
297 3110 365 3157 sunt
379 3099 491 3178 potiora
506 3119 611 3160 manu:
636 3099 717 3180 vigor
731 3099 824 3160 omnis
840 3099 869 3160 in
887 3099 954 3161 illis.

198 3195 242 3255 At
257 3215 318 3269 vos,
334 3215 352 3255 o
367 3214 513 3276 proceres,
529 3195 608 3276 vigili
623 3196 690 3257 date
706 3196 823 3279 premia
838 3209 954 3273 vestro;

156 3293 274 3376 Proque
290 3304 334 3353 tot
348 3312 491 3352 annorum
505 3291 586 3367 curri,
603 3314 675 3374 quos
691 3293 795 3355 anxius
810 3294 868 3375 egi,

155 3387 245 3451 Hunc
260 3389 376 3451 titulum
390 3388 499 3450 meritis
515 3388 698 3470 pensandum
710 3390 823 3453 reddite
838 3392 954 3454 nostris.

154 3483 222 3546 Jem
237 3486 318 3548 labor
332 3486 360 3548 in
375 3486 433 3548 fine
448 3498 511 3548 est:
534 3486 680 3550 obstantia
694 3487 752 3550 lata
765 3488 895 3551 removi:

1074 763 1139 824 345

1071 1251 1136 1311 350

1068 1739 1134 1799 355

1065 2225 1131 2286 360

1064 2711 1127 2772 365

1063 3201 1125 3263 370
