2356 4110
150 300 193 359 52
465 305 811 356 murnuonrnosnon

150 455 283 519 Cadmus
298 457 347 534 ait,
364 455 485 533 ‘fitent;
508 471 582 535 tum,
597 457 666 520 crim
682 458 792 521 Sidone
806 457 957 542 profectus

150 552 296 637 Vipereos
311 554 402 638 sparsi
417 577 470 639 per
485 556 619 632 humum,
635 577 711 618 nova
726 557 848 634 semina,
865 557 991 620 dentes?

148 651 252 724 Quem
266 653 289 715 si
304 675 375 716 cura
390 654 479 716 deum
494 668 554 716 tam
570 654 652 717 certa
666 654 796 716 vindicat
815 655 868 732 ira,

148 747 217 832 lpse
232 771 337 833 precor
350 773 473 834 serpens
487 751 516 813 in
531 751 650 833 longam
665 751 795 835 porrigar
809 752 932 814 alvum)
1066 759 1131 820 235

148 846 251 911 Dixit:
276 862 317 926 et,
332 863 364 911 ut
379 872 511 933 serpens,
526 850 556 912 in
571 850 689 932 longam
704 850 834 911 tenditur
848 851 965 929 alvum3

148 944 329 1030 Durataeque
343 948 404 1010 cuti
418 969 554 1032 squamas
569 948 732 1010 increscere
748 948 847 1025 sentit,

148 1042 298 1128 Nigraque
313 1047 444 1109 caeruleis
461 1046 562 1108 variari
577 1067 699 1129 corpora
716 1046 822 1126 guttis:

146 1141 181 1204 Iu
197 1157 360 1227 pectusque
375 1145 453 1207 cadit
469 1165 595 1227 pronus:
618 1144 834 1226 commissaque
849 1144 878 1206 in
894 1167 986 1207 unum

146 1239 294 1303 Paulatim
309 1242 395 1302 tereti
410 1242 561 1303 sinuantur
576 1241 718 1327 acumine⁸
727 1263 821 1303 crura.
1061 1245 1127 1307 ΜΟ

145 1337 274 1402 Brachia
284 1339 348 1424 jam
361 1354 488 1427 restant:
512 1352 711 1425 quaerestant,
722 1340 972 1420 ,brachiatendit3

145 1435 187 1498 Et
201 1438 338 1520 lacrymis
353 1460 406 1521 per
420 1439 516 1500 adhuc
531 1439 661 1500 bumana
676 1438 833 1500 fluentibus
848 1460 908 1516 ora,

145 1534 301 1613 ‘Accede,
316 1558 335 1598 o
349 1536 470 1621 conjux,
486 1537 607 1614 accede,
622 1537 805 1613 miserrirna,'
821 1537 915 1599 dixit:

144 1631 306 1716 ‘Dumque
323 1635 431 1717 aliquid
445 1649 579 1718 superest
594 1635 631 1696 de
646 1657 706 1711 me,
722 1657 769 1696 me
785 1648 883 1716 tange,
899 1657 1080 1720 manumque

144 1731 271 1814 Accipe,
287 1731 358 1793 dum
372 1754 477 1794 manus
492 1746 555 1809 est;
579 1733 649 1794 dum
664 1755 723 1795 non
739 1746 834 1794 totum
850 1746 977 1815 occupat
995 1734 1123 1816 anguis!

145 1826 200 1890 llle
216 1829 336 1913 quidem
351 1831 414 1892 vult
428 1831 513 1913 plura
527 1831 624 1914 loqui:
648 1831 701 1892 sed
716 1831 815 1911 lingua
829 1830 953 1913 repenti
1059 1834 1124 1896 246

145 1925 178 1988 ln
193 1942 291 2010 partes
307 1942 352 1991 est
366 1930 434 1991 fissa
447 1930 530 1991 duas.
575 1926 641 1991 Nec
657 1929 747 1991 verba
761 1928 871 1990 volenti

143 2025 316 2088 Sufficiunt:
341 2028 514 2110 quotiesque
530 2027 641 2110 aliquos
656 2040 740 2110 parat
755 2027 843 2087 edere
859 2039 990 2109 questus,

143 2122 264 2185 Sibilat:
288 2125 365 2185 hanc
380 2124 421 2185 illi
435 2146 541 2186 vocem
556 2123 669 2185 Natura
682 2124 831 2206 relinquit.

142 2218 235 2281 Nuda
250 2241 338 2281 manu
353 2219 470 2297 seriem,
485 2221 643 2297 exclamat,
659 2234 790 2304 pectora,
804 2220 926 2306 conjux,
1056 2223 1124 2286 250

143 2316 290 2395 ‘Cadme,
304 2339 408 2380 mane:
433 2332 522 2402 teque
537 2319 593 2397 his,
608 2318 720 2396 infelix,
736 2341 814 2381 exue
829 2319 974 2382 monstris.

142 2415 271 2493 Cadme,
297 2416 367 2500 quid
393 2418 473 2480 hoc?
506 2417 557 2479 ubi
581 2419 659 2500 pes?
689 2417 739 2479 ubi
765 2431 832 2479 sunt
857 2417 1032 2501 humerique
1057 2439 1123 2480 rna·

270 2516 406 2596 nusque?

142 2610 184 2674 Et
198 2612 289 2688 color,
305 2625 334 2674 et
348 2611 447 2688 facies,
462 2625 503 2689 et,
518 2612 588 2673 dum
603 2613 717 2695 loquor,
732 2612 850 2675 omnia?
894 2612 959 2676 Cur
973 2635 1033 2674 non

141 2707 196 2771 Me
213 2731 341 2794 quoque,
355 2711 504 2788 coelestes,
519 2711 548 2772 in
563 2711 689 2772 eandem
707 2710 816 2772 vertitis
831 2732 958 2792 anguem
967 2711 991 2774 ?'

141 2807 278 2872 Dixerat.
323 2808 377 2872 llle
392 2831 451 2872 suae
465 2809 613 2872 lambebat
627 2808 759 2893 conjugis
774 2830 842 2870 ora:
1055 2811 1121 2873 255

141 2905 236 2989 lnque
250 2909 329 2971 sinus
343 2930 436 2986 caros,
452 2909 543 2971 veluti
558 2921 759 2990 cognosceret,
774 2907 852 2983 ibat;

142 3002 183 3064 Et
198 3004 286 3066 dabat
301 3006 474 3087 amplexus3
497 3007 676 3089 adsuetaque
692 3006 767 3068 colla
782 3005 914 3088 petebat.

141 3100 286 3185 Quisquis
301 3101 385 3163 adest
403 3101 539 3187 (aderant
553 3102 691 3190 comites)
708 3116 842 3165 terretur.
888 3104 932 3167 At
947 3104 1013 3166 illos

144 3200 271 3263 Lubrica
285 3199 468 3289 permulcent
483 3200 591 3261 cristati
605 3201 682 3263 colla
696 3201 849 3278 dracones,

142 3298 183 3362 Et
196 3298 293 3362 subitb
308 3300 368 3360 duo
382 3311 449 3358 sunt
458 3319 467 3373 ;
485 3296 647 3382 junctoque
664 3299 812 3361 volumine
827 3313 950 3384 serpunt
959 3321 968 3377 ;
1055 3303 1122 3367 260

141 3395 249 3461 Donec
265 3397 292 3460 in
308 3394 433 3480 appositi
447 3395 573 3457 nemoris
588 3396 704 3458 subiere
723 3397 859 3460 latebras.
