2356 4110
521 329 630 385 LIBER
646 331 679 386 X.

112 472 215 544 Exitus
230 483 364 565 auspIcio
378 477 509 565 gravior:
533 506 602 548 narn
616 492 719 571 nupta,
734 504 791 572 per
803 485 909 555 herbas

111 577 190 640 Dum
205 601 285 642 nova
300 578 450 643 Naiadum
466 582 552 644 turhai
566 585 705 648 comitata
722 603 855 669 vagatur,

110 675 240 754 Decidit,
256 679 285 739 in
301 678 392 740 talum
408 680 553 762 serpentis
569 679 657 744 dente
672 699 804 767 recepto.
1048 686 1088 754 10

108 773 210 847 Quam
225 775 295 838 satis
311 776 348 838 ad
362 793 483 860 superas
498 795 655 862 postquam
671 778 870 866 Rhodopeius
885 798 969 849 auras

109 870 243 936 Deflevit
258 888 358 952 vates;
381 895 419 936 ne
434 898 493 937 non
510 888 634 941 tentaret
649 891 679 941 et
694 879 822 959 umbras

107 971 157 1032 Ad
173 970 268 1054 Styga
283 971 421 1034 Tanaria
435 986 481 1035 est
496 994 584 1036 ausus
600 975 779 1040 descendere
795 978 891 1061 porta.

107 1067 226 1152 Perque
241 1071 323 1132 leves
338 1071 475 1154 populos,
491 1071 704 1157 simulacraque
720 1070 819 1138 functa
833 1071 987 1161 sepulcris,

106 1164 321 1249 Persephonen
336 1168 417 1245 adiit,
431 1168 640 1254 inamoenaque
654 1193 745 1254 regna
761 1182 912 1237 tenentem
1045 1183 1083 1241 15

106 1262 285 1327 Umbrarum
300 1266 469 1328 dominum:
494 1264 644 1351 pulsisque
660 1270 698 1331 ad
711 1271 842 1335 carmina
857 1273 955 1336 nervis

106 1361 154 1424 Sic
170 1364 228 1440 ait3
253 1363 300 1426 ‘O
316 1365 403 1447 positi
417 1364 472 1426 sub
486 1364 565 1427 terrai
577 1364 698 1429 numina
712 1369 824 1447 mundi,

105 1457 139 1522 In
154 1482 244 1544 quern
259 1463 415 1524 recidimus
431 1463 572 1548 quidquid
587 1462 709 1528 mortale
724 1487 858 1530 creamur
866 1487 875 1545 ;

106 1559 136 1621 Si
148 1560 229 1638 licet,
246 1574 286 1638 et,
301 1560 363 1623 salsi
379 1561 480 1645 positis
495 1562 665 1644 ambagibus
680 1564 747 1642 oris,

107 1656 185 1720 Vera
200 1659 280 1742 loqui
296 1660 403 1736 sinitis3
427 1683 486 1722 non
497 1660 567 1737 huo,
582 1673 615 1721 ut
630 1680 724 1743 opaca
738 1655 870 1726 viderem
1038 1667 1081 1730 20

105 1755 238 1834 Tartara,
255 1757 412 1835 descendi3
435 1778 491 1820 nec
506 1757 549 1820 uti
565 1758 668 1820 villosa
681 1760 808 1822 colubris

104 1853 203 1917 Tema
217 1854 363 1918 Medusaei
378 1855 518 1919 vincirem
533 1869 651 1938 guttura
665 1856 797 1920 monstri.

104 1951 203 2015 Causa
219 1954 270 2015 vie
286 1952 414 2038 conjux:
438 1954 467 2015 in
483 1972 571 2037 quam
587 1953 701 2015 calcata
716 1970 864 2016 venenum

106 2048 216 2134 Vipera
232 2051 364 2128 diffudit3
386 2065 612 2135 crescentesque
628 2050 746 2113 abstulit
761 2070 863 2113 anuos.

104 2147 195 2211 Posse
211 2149 273 2232 pati
287 2150 384 2212 volui:
408 2171 464 2212 neo
481 2170 528 2210 me
543 2150 673 2211 tentasse
688 2149 815 2232 negabo.
1035 2153 1079 2215 25

105 2245 183 2309 Vicit
197 2247 303 2310 Amor.
348 2247 465 2331 Supera
480 2247 553 2309 deus
567 2248 615 2310 hic
630 2247 707 2310 ben'e
722 2262 809 2310 notus
824 2247 853 2310 in
868 2248 920 2311 orei
935 2263 990 2312 est.

103 2346 151 2406 An
166 2346 204 2407 sit
219 2359 248 2408 et
264 2347 323 2423 hic,
340 2347 458 2408 dubito:
482 2345 535 2408 sed
550 2359 580 2408 et
595 2342 644 2407 hic
659 2359 759 2407 tamen
775 2367 900 2429 auguror
914 2365 990 2409 esse.

102 2441 255 2526 Famaque
269 2444 293 2505 si
308 2458 440 2506 veterem
456 2465 515 2506 non
530 2456 575 2506 est
590 2441 713 2504 mentita
727 2444 870 2527 rapinam,

102 2539 164 2602 Vos
177 2560 295 2624 quoque
306 2541 406 2626 junxit
418 2542 522 2604 Amor.
567 2540 628 2603 Per
638 2560 694 2622 ego
705 2539 769 2604 haec
780 2542 845 2605 loca
857 2542 946 2626 plena
955 2542 1076 2620 timoris,

101 2637 159 2700 Per
173 2638 277 2701 Chaos
292 2640 349 2701 hoc
363 2639 477 2720 ingens,
493 2639 625 2722 vastique
641 2638 756 2702 silentia
769 2640 862 2722 regni,
1033 2645 1077 2704 30

100 2735 277 2819 Eurydices²
291 2759 353 2815 oro,
370 2749 527 2820 properata
540 2736 667 2799 retexite
681 2736 740 2798 fila.

99 2833 209 2896 Omnia
224 2833 367 2896 debemur
382 2834 482 2911 vobis3
505 2834 685 2919 paulumque
704 2833 818 2910 morati,

98 2931 198 2994 Serius
213 2946 264 2994 aut
278 2931 362 2994 citius
377 2933 480 2994 sedern
495 2951 686 3015 properamus
701 2930 737 2991 ad
754 2950 854 2992 unam.

98 3029 262 3092 Tendimus
277 3027 335 3093 huc
351 3051 465 3107 omnes,
481 3031 545 3091 haec
560 3042 605 3092 est
620 3027 724 3090 domus
739 3027 858 3092 ultima:
883 3045 996 3114 vosque

99 3126 228 3189 Humani
244 3129 360 3209 generis
374 3127 542 3208 longissima
557 3148 649 3208 regna
663 3125 781 3189 tenetis.
1031 3129 1073 3192 35

98 3223 174 3288 Haec
191 3247 320 3310 quoque,
335 3225 403 3288 crim
416 3225 511 3310 justos
526 3239 639 3287 matura
654 3225 801 3308 peregerit
815 3245 918 3301 annos,

98 3322 173 3387 Juris
189 3325 244 3386 erit
261 3325 357 3387 vestri.
403 3323 464 3386 Pro
479 3344 601 3385 munere
617 3323 764 3407 poscimus
779 3345 875 3385 usum.

99 3420 188 3495 Qum
202 3424 226 3485 si
242 3422 302 3485 sata
316 3436 426 3505 negant
443 3422 558 3484 veniam
572 3443 626 3504 pro
641 3419 778 3505 conjuge,
793 3433 906 3483 certum
921 3431 966 3482 est

101 3517 181 3585 Nolle
197 3521 294 3584 redire
310 3521 392 3583 mihi.
438 3519 517 3583 Leto
532 3519 659 3602 gaudete
675 3517 820 3580 duorum!
