2356 4110
159 309 221 379 1³6
465 319 823 370 nurnnonrrronnou.

155 464 237 529 Cum
252 489 366 530 memor
380 468 432 530 bas
447 468 533 552 pinus
548 469 628 532 Ideo
643 470 753 532 vertice
766 492 858 534 caesas

155 563 265 627 Sancta
280 565 368 627 dclrm
384 567 521 648 genitrix,
536 567 687 630 tinnitibus
701 571 771 630 adra
785 570 862 652 pulsi

155 661 246 738 AEris,
261 677 292 724 et
305 663 397 726 inflati
411 665 573 747 complevit
588 686 738 727 murmure
753 666 837 728 buxi.

154 758 274 842 Perque
290 761 372 823 leves
387 763 504 824 domitis
519 763 636 825 invecta
650 763 785 825 leonibus
800 785 897 842 auras,
1087 773 1123 834 30

155 854 256 917 ‘Irrita
271 857 412 939 sacrilegi
423 857 519 942 jactas
534 858 669 920 incendia
684 858 800 935 dextri,

154 951 279 1031 Tume,'
296 956 346 1017 ait.
392 954 563 1038 ‘Eripiam3
586 977 652 1031 neo,
668 976 716 1017 rne
732 957 875 1039 patiente,
889 963 1035 1025 cremabit

154 1049 233 1133 Ignis
249 1054 327 1115 edax
341 1075 495 1116 nemomm
511 1068 608 1136 partes
623 1066 654 1115 et
667 1055 800 1116 membra
814 1058 973 1121 meorum.'

154 1148 283 1213 Intonuit
299 1151 415 1213 dicente
428 1150 504 1213 det:
527 1152 725 1234 tonitrumque
740 1152 833 1215 secuti

154 1251 235 1314 Cum
251 1253 373 1314 saliente
388 1273 491 1333 graves
505 1252 676 1314 ceciderunt
690 1253 830 1334 grandine
844 1254 955 1318 nimbi:
1089 1261 1128 1323 35

151 1349 304 1433 Aeraque,
319 1363 349 1411 ct
363 1350 464 1411 subitis
479 1349 625 1411 tumidum
639 1351 828 1413 concursibus
843 1373 945 1437 aeqnor

152 1445 260 1508 Astraei
274 1448 401 1523 turbant,
417 1460 448 1509 et
462 1460 533 1508 eunt
549 1447 579 1508 in
594 1447 709 1530 proelia,
726 1448 839 1510 fratres.

154 1542 182 1605 E
198 1544 303 1627 quibus
318 1545 395 1606 alma
409 1566 528 1629 parens,
541 1545 627 1607 unius
643 1545 751 1608 viribus
765 1568 829 1624 usu,

152 1641 267 1724 Stupea
282 1643 450 1726 praerumpit
464 1642 605 1726 Phrygiae
621 1643 781 1706 retinacula
795 1645 915 1708 classis:

151 1736 284 1823 Fertque
299 1754 376 1802 rates
391 1761 510 1823 pronas,
523 1741 682 1824 medioque
696 1743 751 1803 sub
766 1764 881 1826 aequore
896 1745 1016 1827 mergit.
1089 1751 1130 1812 40

151 1835 273 1900 Robore
288 1838 411 1915 mollito,
426 1839 564 1922 lignoque
579 1838 608 1902 in
623 1860 747 1922 corpora
761 1861 859 1918 verso,

151 1932 187 1996 In
203 1937 333 2018 capitum
348 1935 454 1999 faciem
469 1958 586 2020 puppes
601 1949 751 1998 mutantur
764 1938 904 2002 adunca:

150 2031 186 2094 In
202 2034 307 2114 digitos
322 2034 442 2109 abeunt,
459 2047 490 2095 et
503 2055 588 2096 crura
601 2035 742 2111 nutantia,
756 2035 849 2097 remi:

151 2129 304 2214 Quodque
320 2132 399 2214 priris
414 2130 519 2208 suerat,
534 2132 610 2193 larus
624 2147 686 2196 est:
709 2133 872 2217 mediisque
886 2134 988 2198 carina

150 2226 274 2289 Subdita
288 2227 421 2308 navigiis,
436 2227 526 2310 spinae
541 2242 671 2290 mutatur
685 2228 714 2290 in
730 2251 827 2292 usum.
1088 2234 1130 2297 45

149 2323 227 2387 Lina
241 2347 333 2388 comte
349 2325 463 2402 molles,
479 2339 612 2388 antenna
627 2326 745 2388 brachia
759 2327 843 2389 fiunt.

150 2421 295 2500 Catulus,
310 2438 343 2484 ut
358 2421 464 2500 suerat,
476 2423 558 2485 color
571 2437 627 2485 est.
671 2423 817 2508 Quasque
832 2423 901 2486 ante
916 2424 1072 2504 timebant,

150 2519 219 2582 Illas
235 2520 372 2602 virgineis
388 2535 530 2584 exercent
544 2521 654 2583 lusibus
669 2521 763 2583 undas

149 2616 264 2679 Naides
280 2638 438 2701 aequoreae:
463 2618 600 2701 durisque
615 2618 644 2679 in
660 2620 807 2681 montibus
822 2632 891 2681 ortae

148 2715 243 2778 Molle
258 2715 366 2778 fretum
380 2717 549 2780 celebrant:
572 2738 629 2779 nec
644 2738 694 2779 eas
709 2739 763 2780 sna
776 2717 868 2798 tangit
882 2717 976 2799 origo.
1084 2723 1126 2783 5⁰

149 2813 219 2877 Non
234 2830 334 2877 tamen
350 2816 457 2892 oblitae,
474 2816 563 2899 quam
577 2815 670 2876 multa
685 2815 815 2898 pericula
829 2835 911 2876 sevo

148 2911 328 2974 Pertulerint
344 2915 461 2996 pelago,
472 2913 589 2998 jactatis
603 2933 682 2995 saepe
696 2911 800 2974 carinis

149 3008 342 3090 Supposubre
358 3032 478 3072 manus:
502 3011 595 3072 nisisi
611 3031 669 3093 qua
684 3010 811 3072 vehebat
827 3010 973 3073 Achivos.

148 3104 251 3169 Cladis
266 3105 363 3166 adhuc
378 3106 516 3188 Phrygiae
532 3129 687 3182 memores,
704 3107 794 3168 odere
809 3106 965 3190 Pelasgos.

191 3203 267 3287 Spes
283 3216 354 3279 erat,
370 3203 399 3264 in
415 3205 562 3284 nymphas
576 3204 704 3266 animati
718 3205 811 3266 classe
827 3205 963 3283 marinas,
1084 3209 1125 3269 55

147 3302 241 3364 Posse
256 3316 338 3363 metu
353 3301 473 3362 monstri
488 3300 635 3362 Rutulum
650 3302 791 3364 desistere
806 3302 895 3365 bello.

147 3398 275 3475 Perstat,
290 3399 439 3483 habetque
455 3398 526 3460 deos
541 3419 607 3481 pars
622 3413 763 3483 utraque:
788 3400 897 3483 quique
914 3400 1039 3464 deorum

147 3493 251 3572 Instar,
266 3496 375 3559 habeut
390 3496 512 3560 animos.
557 3494 587 3558 N
589 3517 624 3558 eo
635 3496 699 3582 jam
714 3499 822 3561 dotalia
836 3519 939 3580 regna,
