2356 4110
99 312 162 372 112
412 314 758 368 ΜΕΤΑΜΟΒΡΗΟΒΕΟΝ

98 465 149 544 Et,
165 467 227 529 sine
242 488 302 544 me,
317 487 366 529 me
381 480 488 550 pontus
503 467 603 528 habet.
647 464 805 528 Crudelior
819 464 886 548 ipso

97 563 143 626 Sit
157 563 229 626 mihi
243 585 327 626 mens
343 564 497 647 pelago,·si
512 563 603 625 vitam
618 562 726 624 ducere
740 562 816 624 nitar

98 660 240 742 Longius,
255 672 288 723 et
301 674 383 723 tanto
397 682 527 745 pugnem
542 680 696 742 superesse
712 659 815 721 dolori.
1010 662 1071 722 340

98 758 159 821 Sed
173 779 271 842 neque
286 758 443 843 pugnabo:
467 780 522 820 neo
537 772 578 835 te,
592 757 768 835 miserande,
783 759 967 842 relinquam:

97 855 139 919 Et
154 857 205 918 tibi
220 879 299 920 nunc
313 857 417 919 saltem
433 856 549 918 veniam
564 875 681 917 comes:
704 855 794 938 inque
808 857 958 938 sepulcro,

98 953 130 1016 Si
145 976 204 1016 non
219 975 302 1031 urna,
317 967 416 1016 tamen
427 952 533 1037 junget
547 974 600 1014 nos
614 952 717 1028 litera;
739 951 837 1014 sinon

98 1049 222 1113 Ossibus
237 1072 303 1113 ossa
317 1051 402 1127 meis,
417 1064 447 1112 at
460 1072 569 1112 nomen
583 1049 702 1112 nornine
717 1049 857 1131 tangam!

98 1145 189 1210 Plura
205 1149 287 1210 dolor
302 1148 455 1230 prohibet;
477 1147 626 1231 verboque
641 1147 797 1210 intervenit
812 1148 893 1210 omni
1010 1150 1069 1210 345

99 1243 244 1326 Plangor:
269 1259 299 1307 et
313 1244 436 1306 attonito
451 1245 577 1326 gemitus
591 1266 609 1307 e
623 1245 713 1307 corde
728 1246 893 1308 trahuntur.

141 1341 232 1403 Mane
248 1354 326 1402 erat:
350 1341 496 1423 egreditur
510 1342 595 1404 tectis
610 1343 648 1404 ad
662 1343 760 1405 littus:
784 1356 813 1405 et
830 1343 912 1405 illum

99 1437 211 1500 Moesta
224 1439 324 1500 locum
339 1439 457 1522 repetit,
471 1439 509 1501 de
525 1461 584 1523 quo
598 1440 745 1523 spectarat
760 1454 892 1503 euntem.

99 1535 252 1618 Dumque,
268 1543 277 1572 ‘
286 1534 421 1599 Moratus
436 1537 476 1599 ibi
486 1537 504 1614 ;'
527 1537 668 1621 dumque,
684 1536 763 1599 ‘Hic
777 1538 940 1600 retinacula
954 1539 1049 1615 solvit,

99 1631 168 1695 Hoc
183 1633 254 1696 mihi
269 1633 423 1697 discedens
439 1635 519 1697 dedit
533 1635 634 1698 oscula
648 1635 765 1711 littore,’
777 1635 858 1711 dicit,
1009 1639 1070 1698 350

101 1730 257 1815 [Dumque
271 1744 372 1794 notata
385 1733 476 1795 oculis
490 1732 683 1795 reminiscitur
696 1746 772 1809 acta,
787 1731 967 1816 fretumque]

99 1827 263 1912 Prospicit3
286 1830 315 1892 in
329 1829 452 1913 liquidi,
465 1829 559 1912 spatio
574 1830 710 1906 distante,
726 1843 825 1891 tuetur

100 1922 210 1989 Nescio
226 1927 306 2011 quid,
322 1927 404 2012 quasi
418 1948 536 2010 corpus,
551 1927 644 2010 aqud:
668 1927 833 2010 primoque,
849 1926 920 2010 quid
934 1926 1006 1988 illud

100 2022 199 2100 Esset,
215 2038 276 2087 erat
292 2025 423 2088 dubium.
469 2024 632 2106 Postquam
646 2023 735 2106 paulo
750 2023 864 2106 appulit
878 2023 976 2100 unda3

99 2119 151 2196 Et,
168 2123 301 2204 quamvis
316 2123 426 2199 aberat,
440 2142 547 2203 corpus
562 2134 660 2181 tamen
675 2140 740 2182 esse
753 2120 902 2204 liquebat;
1009 2123 1069 2184 355

100 2215 164 2289 Qui
179 2217 263 2294 foret,
280 2219 424 2300 ignorans,
440 2217 507 2302 quia
522 2215 688 2298 naufragus,
702 2217 800 2280 omine
815 2231 896 2280 mota
909 2231 967 2294 est,

100 2312 142 2376 Et
167 2328 306 2399 tanquam
332 2315 431 2398 ignoto
459 2316 619 2397 lacrymam
649 2314 743 2391 daret,
768 2314 867 2392 ‘Heu,
893 2316 1003 2393 miser,'
1029 2316 1069 2377 in·

229 2412 302 2495 quit,

101 2508 263 2593 ‘Quisquis
278 2531 321 2587 es,
337 2525 367 2573 et
390 2511 413 2573 si
437 2531 495 2595 qua
518 2524 562 2572 est
584 2508 694 2594 conjux
716 2509 800 2573 tibi!’
843 2507 1001 2573 Fluctibus
1024 2532 1069 2573 ao·

228 2619 294 2668 tum

99 2701 150 2767 Fit
165 2705 285 2789 propius
299 2726 416 2789 corpus.
461 2703 554 2778 Quod
570 2726 628 2788 quo
641 2703 734 2786 magis
749 2704 796 2766 illa
811 2717 920 2781 tuetur,

100 2799 168 2864 Hoc
183 2803 289 2881 minirs,
305 2817 334 2866 et
349 2802 444 2866 minus
459 2814 503 2864 est
518 2823 619 2864 amens
633 2823 695 2864 sua.
740 2800 869 2886 Jamque
883 2804 1055 2886 propinque

99 2900 264 2962 Admotum
279 2915 372 2977 terre,
383 2901 446 2985 jam
462 2900 540 2984 quod
555 2921 733 2982 cognoscere
749 2913 858 2982 posset,
1009 2902 1067 2964 361

99 2995 215 3058 Cernit.
261 2997 334 3058 Erat
348 2998 467 3081 conjux.
514 2997 586 3060 ‘Ille
602 2997 667 3074 est,'
683 2999 848 3059 exclamat:
871 3010 902 3060 et
915 2998 979 3060 und

99 3091 172 3169 Ora,
187 3114 296 3168 comas,
312 3108 425 3155 vestem
440 3094 566 3157 lacerat:
588 3095 771 3177 tendensque
785 3107 946 3158 trementes

99 3190 149 3251 Ad
166 3188 272 3272 Ceyca
286 3210 400 3265 manus,
416 3189 494 3266 ‘Sic,
509 3212 528 3251 o
543 3193 689 3254 carissime
703 3191 824 3275 conjux,

100 3286 149 3349 Sic
165 3286 201 3348 ad
217 3307 276 3364 me,
290 3286 466 3363 miserande,
481 3287 558 3349 redis
567 3289 589 3350 ?'
613 3290 661 3351 ait.
706 3289 836 3373 Adjacet
849 3289 936 3352 undis
1011 3291 1072 3354 365

99 3382 193 3446 Facta
207 3405 296 3446 manu
311 3384 421 3447 moles:
445 3404 508 3467 quae
524 3386 631 3467 primas
646 3388 768 3471 equoris
783 3387 838 3450 iras
