2356 4110
157 340 177 400 2
477 344 826 394 METAMORPHOSEON

156 495 207 559 Sic
221 507 283 556 erat
298 494 437 556 instabilis
452 495 548 571 tellus,
564 494 698 556 innabilis
712 495 802 571 unda,

155 593 249 656 Lucis
264 612 353 674 egens
365 596 431 654 adr:
454 593 528 654 nulli
542 614 595 654 sua
609 592 701 654 forma
715 593 862 654 manebat.

155 691 359 774 Obstabatque
375 691 437 753 aliis
453 690 545 752 aliud:
577 692 645 774 quia
659 712 781 774 corpore
796 691 825 752 in
840 711 899 752 uno

155 788 275 871 Frigida
289 789 459 872 pugnabant
473 788 584 865 calidis,
600 789 750 850 humentia
765 789 859 865 siccis,

155 886 261 949 Mollia
275 907 344 948 cum
359 885 448 962 duris,
464 886 525 948 sine
541 887 672 969 pondere
687 887 824 948 habentia
838 887 964 969 pondus.
1090 891 1135 951 20

198 984 286 1046 Hanc
301 984 386 1046 Deus
401 998 431 1046 et
444 985 549 1047 melior
562 985 644 1047 litem
659 983 772 1047 Natura
787 985 919 1047 diremit:
939 1014 1155 1091 f

155 1082 235 1145 Nam
249 1083 327 1145 coelo
340 1096 441 1159 terraS,
457 1096 487 1144 et
501 1083 583 1144 terris
598 1083 720 1144 abscidit
733 1084 836 1160 undas,
918 1090 934 1101 ‘

156 1179 197 1242 Et
210 1180 353 1264 liquidum
369 1180 462 1263 spisso
476 1180 601 1242 secrevit
616 1181 652 1241 ab
667 1183 735 1241 ae're
749 1182 870 1243 coelum.

156 1277 233 1351 Quae
248 1292 406 1361 postquam
421 1278 541 1353 evolvit,
555 1298 693 1360 caecoque
709 1279 820 1341 exemit
834 1301 950 1357 acerm,

155 1375 322 1437 Dissociata
336 1376 408 1438 locis
423 1376 562 1437 concordi
573 1397 647 1459 pace
661 1376 772 1456 ligavit.

155 1472 248 1555 Ignea
261 1473 390 1535 convexi
404 1473 448 1535 vis
463 1486 493 1534 et
508 1472 570 1535 sine
585 1474 715 1556 pondere
730 1473 799 1535 coeli

155 1569 297 1647 Emicuit,
312 1570 486 1654 summaque
500 1571 598 1632 locum
614 1570 668 1632 sibi
681 1571 752 1652 legit
766 1571 796 1632 in
811 1592 889 1632 arce.

154 1666 313 1729 Proximus
328 1681 373 1729 est
387 1671 437 1729 a'e'r
450 1668 491 1731 illi
505 1668 636 1744 levitate,
650 1669 794 1751 locoque:

155 1763 283 1828 Densior
297 1765 342 1829 his
356 1766 459 1829 tellus:
483 1766 687 1850 elementaque
702 1765 821 1848 grandia
836 1765 942 1841 traxit3

155 1861 197 1925 Et
211 1885 312 1947 pressa
327 1877 371 1926 est
385 1864 527 1946 gravitate
541 1864 597 1926 sui.
643 1863 843 1927 Circumlluus
857 1864 963 1927 humor

154 1959 274 2045 Ultima¹
282 1963 423 2047 possedit,
437 1963 622 2046 solidumque
636 1962 768 2027 coercuit
785 1964 897 2025 orbern.
920 2012 949 2049 y

198 2058 248 2121 Sic
262 2052 313 2121 ubi
327 2060 508 2142 dispositam,
524 2060 652 2143 quisquis
667 2061 721 2122 suit
735 2061 783 2122 ille
799 2049 948 2136 deorum,x

155 2154 335 2236 Congeriem
350 2157 453 2232 secuit,
469 2170 638 2239 sectamque
654 2155 683 2217 in
698 2158 829 2218 membra
842 2157 972 2239 redegit3

155 2252 305 2335 Principio
319 2266 436 2330 terram,
450 2274 489 2314 ne
503 2275 562 2314 non
578 2254 695 2337 aequalis
710 2254 747 2315 ab
761 2255 841 2316 omni

154 2350 244 2413 Parte
259 2351 343 2427 soret,
358 2350 455 2432 magni
470 2351 602 2435 speciem
616 2351 788 2432 glomeravit
802 2353 832 2414 in
851 2353 938 2415 orbis.

154 2447 237 2509 Tum
251 2447 325 2509 freta
339 2449 472 2525 diffundi,
487 2448 652 2532 rabidisque
668 2463 831 2512 tumescere
846 2451 941 2512 ventis

154 2544 258 2622 Jussit,
273 2558 304 2607 et
319 2545 434 2609 ambite
448 2545 628 2609 circmndare
642 2546 739 2607 littora
753 2561 846 2609 terrae.

154 2642 280 2705 Addidit
294 2655 325 2704 et
339 2640 447 2718 sontes,
461 2643 663 2727 immensaque
678 2656 791 2725 stagna,
805 2645 964 2730 lacusque;

155 2738 353 2823 Fluminaque
368 2740 493 2824 obliquis
508 2740 600 2802 cinxit
615 2740 740 2817 declivia
753 2741 839 2826 ripis:

155 2834 233 2909 Quae
249 2836 364 2905 diversa
376 2837 449 2901 loeis
463 2837 570 2922 partim
583 2838 736 2915 sorbentur
750 2840 787 2902 ab
801 2838 867 2923 ipsd
875 2861 884 2916 ;

154 2932 190 2995 ln
204 2956 283 2997 mare
298 2936 474 3018 perveniunt
488 2937 604 3021 partim
618 2958 785 3023 carupoque
799 2950 920 3021 recepta

145 3030 314 3094 ‘Liberioris
329 3054 423 3116 aquae,
438 3056 491 3117 pro
505 3035 575 3118 ripis
589 3035 686 3097 littora
700 3028 866 3117 pulsant„

154 3126 247 3190 Jussit
261 3143 291 3191 et
306 3129 427 3192 extendi
441 3152 574 3213 campos,
589 3132 739 3195 subsidere
754 3126 866 3209 valles,

147 3224 275 3289 Fronde
289 3228 350 3309 tegi
364 3228 461 3304 silvas,
475 3228 622 3311 lapidosos
637 3250 755 3312 surgere
769 3226 896 3293 monte's.
924 3290 931 3305 ,
1022 3274 1025 3279 -

154 3322 257 3408 thue
272 3325 336 3388 duae
352 3325 457 3388 dextrd
470 3326 591 3405 coelum,
605 3328 787 3413 totidemque
801 3328 916 3392 sinistra
940 3364 948 3377 ·
1005 3376 1010 3383 .

153 3420 244 3485 Parte
259 3436 361 3487 secant
375 3445 467 3502 zone,
482 3424 584 3509 quinta
597 3438 643 3487 est
656 3426 803 3491 ardentior
816 3426 890 3504 iflis;

155 3518 205 3583 Sic
220 3542 294 3584 onus
308 3520 453 3585 inclusum
468 3543 591 3585 numero
606 3523 737 3589 distinxit
751 3524 857 3589 eodem
