2356 4110
441 334 549 386 MBER
574 336 648 386 XIV.

406 581 550 655 LtBER
582 581 674 647 xtl-v.

312 775 421 820 mas
443 775 489 817 ur
513 774 617 831 mers
642 774 771 821 mm.

484 946 514 985 v.
526 926 600 987 445.

67 1068 183 1133 Solvitur
197 1070 326 1132 herboso
339 1069 477 1151 religatus
491 1069 529 1131 ob
544 1089 651 1151 aggere
665 1068 759 1133 funis:

64 1163 96 1229 Et
108 1168 212 1251 procul
226 1167 354 1243 insidias,
369 1165 578 1250 infamataeque
593 1167 761 1250 relinquunt

62 1262 149 1328 Tecta
164 1265 394 1348 deae,'·lucosque
411 1277 526 1348 petunt,
541 1265 590 1327 ubi
604 1265 720 1327 nubilus
735 1265 840 1330 umbri

59 1360 87 1424 ln
101 1385 182 1425 mare
197 1384 268 1424 cum
279 1363 362 1426 tlara
375 1363 538 1446 prorumpit
552 1361 663 1445 Tybris
677 1361 778 1425 menti.

56 1457 292 1544 Faunigeuaeque
306 1460 395 1523 domo
409 1460 519 1544 potitur
532 1459 661 1544 natique
676 1459 794 1538 latini3
1004 1467 1030 1530 ὁ

57 1555 122 1620 Non
136 1559 200 1620 sine
215 1556 313 1633 Marte
328 1571 438 1621 tamen.
483 1555 605 1620 Bellum
618 1577 688 1619 oum
702 1572 791 1640 geute
805 1557 895 1622 semei

55 1655 236 1739 Suscipitur3
258 1655 404 1740 pactique
419 1654 485 1718 lirrit
500 1676 555 1738 pro
569 1653 695 1739 conjuge
708 1653 841 1719 Turnus.

93 1752 253 1816 Concurrit
264 1752 356 1816 Latio
369 1751 538 1836 Tyrrhenia
550 1765 631 1816 tota:
654 1753 765 1838 diuque

55 1850 157 1912 Ardua
170 1851 299 1914 sollicitis
315 1851 435 1913 victoria
450 1851 585 1935 queritur
596 1851 696 1913 armis.

54 1948 154 2030 Auget
168 1963 293 2032 uterque
307 1968 374 2010 suas
389 1961 513 2011 externo
527 1948 631 2010 robore
647 1948 740 2010 vires:
982 1953 1028 2013 '10

55 2043 92 2108 Et
108 2047 193 2108 multi
208 2045 348 2122 Rutulos,
363 2046 446 2108 multi
463 2045 593 2130 Trojano
609 2058 729 2107 tuentur

54 2142 169 2207 Castra.
213 2142 321 2228 Neque
338 2143 448 2206 AEueas
464 2143 596 2206 Evandri
609 2143 647 2205 ad
661 2143 762 2207 limina
776 2141 892 2223 sunna,

54 2241 95 2303 At
111 2240 248 2303 Venulus
263 2262 399 2323 magnam
414 2240 529 2324 profugi
544 2240 700 2302 Diomedis
712 2241 752 2303 ad
766 2241 870 2306 urbem

55 2336 196 2400 Venerat.
240 2337 294 2399 llle
309 2337 429 2422 quidem
443 2337 497 2399 sub
512 2336 626 2420 lipyge
641 2337 770 2400 maxima
786 2337 898 2402 Dauno

53 2433 168 2500 Moenie
178 2434 361 2512 condiderat,
376 2434 542 2518 dotaliaque
558 2454 627 2496 arva
641 2434 771 2497 tenebat.
986 2439 1026 2500 15

53 2533 111 2596 Sed
128 2532 265 2595 Venulus
279 2531 374 2595 Turni
388 2546 545 2617 postquam
559 2531 697 2595 mandata
710 2532 835 2617 peregit,

52 2631 266 2714 Amuliumque
281 2629 372 2713 petit3
395 2630 471 2692 vires
486 2629 614 2692 AEtolius
629 2630 716 2693 herus

52 2727 203 2790 Excusat:
226 2749 282 2791 nec
292 2749 328 2790 se
338 2727 438 2791 soceri
451 2728 635 2790 committere
651 2749 757 2811 pugnae

53 2825 141 2887 Velle
155 2825 200 2886 sui
214 2825 356 2908 populos:
380 2845 447 2902 nec,
462 2846 537 2908 quos
552 2846 569 2886 e
584 2837 673 2907 gente
689 2845 808 2886 suorum

51 2922 168 2999 Armet,
183 2922 291 2985 habere
306 2923 393 2985 viros.
438 2921 545 2985 Rutuli
559 2923 622 2984 sinc
633 2921 741 2984 viribus
757 2922 812 2984 illis
981 2926 1025 2990 20

49 3020 138 3082 Bella
152 3021 292 3083 instructa
305 3034 429 3103 gerunt:
453 3022 638 3103 multumque
649 3019 686 3081 ab
697 3018 821 3104 utrique
833 3021 943 3085 cruoris

48 3117 140 3180 Parte
156 3119 252 3181 datur.
294 3117 370 3181 Fert
384 3140 456 3181 ecce
472 3119 572 3180 avidas
587 3119 616 3180 in
630 3118 719 3201 pinea
732 3117 853 3182 Turnus

47 3214 149 3278 Texta
164 3215 260 3279 laces:
277 3217 424 3300 ignesque
439 3217 553 3294 timent,
569 3215 674 3299 quibus
689 3216 769 3281 unda
782 3219 927 3301 pepercit.

88 3312 217 3399 Jamque
233 3315 342 3397 picem,
358 3328 389 3377 et
402 3335 496 3390 ceras,
511 3314 707 3398 alimentaque
722 3330 827 3378 cetera
841 3316 967 3377 flammas

45 3411 196 3475 Mulciber
207 3411 324 3488 urebat,
339 3433 451 3496 perque
465 3412 558 3473 ultum
573 3411 610 3474 ad
625 3412 746 3475 carbasa
760 3411 870 3477 malum
980 3413 1025 3476 25

44 3509 121 3583 Ibat,
137 3524 167 3573 et
182 3508 476 3574 incurretumabant
491 3522 615 3579 trartstm
628 3509 752 3572 carine:
