2356 4110
99 311 142 372 tt
421 316 769 366 uurnuournosxou

99 468 165 545 Ille,
179 481 213 530 ut
226 480 288 530 erat
302 487 422 552 prunus,
436 487 491 550 per
503 467 580 529 colla
594 466 720 529 admissa
729 464 877 551 jubasque

101 564 254 642 Volvitur3
277 578 307 626 et
320 564 415 627 calido
430 565 564 627 tellurem
580 565 720 645 sanguine
733 563 837 627 soedat.

99 662 269 725 Phaedimus
284 661 395 739 infelix,
411 675 441 724 et
456 662 525 724 aviti
540 661 665 723 nominis
681 662 772 723 haeres

99 759 253 836 Tantalus,
267 773 300 821 ut
315 760 400 822 solito
413 760 502 821 finem
518 759 684 842 imposuere
699 758 802 835 labori,

99 857 289 920 Transierant
304 858 341 919 ad
356 879 430 940 opus
445 857 542 919 nitide
553 856 684 940 juvenile
700 856 857 938 palestre:

100 954 141 1017 Et
151 954 215 1039 jam
228 955 412 1017 contulerant
426 969 507 1017 arcto
521 953 661 1016 luctantia
675 974 755 1014 nexu

100 1052 227 1115 Pectora
241 1053 426 1136 pectoribus;
447 1052 516 1114 ciam
532 1064 613 1113 tento
627 1051 741 1112 concita
756 1071 859 1128 comu,

100 1150 184 1213 Sicut
199 1165 281 1212 erant
291 1150 397 1234 juncti,
412 1149 526 1232 trajecit
539 1162 695 1230 utrumque
710 1147 825 1228 sagitta.

100 1247 276 1329 Ingemuere
291 1248 395 1322 simul;
417 1246 503 1307 simul
517 1246 669 1309 incurvata
684 1245 783 1307 dolore

100 1343 237 1406 Membra
251 1344 314 1406 solo
327 1343 472 1426 posuere3
495 1344 581 1405 simul
595 1364 732 1425 suprema
743 1342 878 1427 jacentes

100 1440 229 1503 Lumina
243 1440 412 1517 versiamnt3
434 1440 560 1502 animam
575 1441 661 1502 simul
677 1440 864 1503 exhalirunt.

100 1538 239 1620 Adspicit
254 1538 419 1621 Alphenor,
433 1539 600 1621 laniataque
615 1552 736 1621 pectora
749 1537 892 1620 plangens

100 1635 242 1713 Advolat,
258 1650 291 1698 ut
305 1636 417 1718 gelidos
431 1635 635 1718 complexibus
650 1636 758 1698 allevet
773 1648 869 1698 artus:

100 1732 194 1818 Inque
210 1734 260 1817 pio
273 1733 352 1797 cadit
366 1733 480 1796 officio:
504 1754 572 1794 narn
587 1732 694 1795 Delius
708 1733 748 1795 illi

100 1829 207 1894 Intima
221 1830 334 1894 fatifero
347 1831 456 1914 rumpit
470 1830 629 1913 precordia
643 1829 729 1892 serro.

101 1927 195 2002 Quod
210 1929 296 1992 simul
311 1929 461 2005 eductum,
476 1950 543 2011 pars
559 1941 603 1990 est
618 1927 764 2012 pulmonis
780 1928 809 1990 in
828 1928 923 1991 hamis
1012 1935 1014 1990 ἶ

102 2025 211 2088 Erum:
234 2048 362 2109 cumque
377 2026 475 2088 anina
488 2047 573 2088 cruor
587 2039 633 2087 est
647 2025 757 2088 effiisus
772 2025 908 2089 inauras.

100 2123 144 2184 At
159 2146 217 2185 non
232 2124 378 2185 intonsum
393 2124 520 2206 simplex
535 2122 788 2185 Damasichthona
802 2122 909 2185 vulnus

101 2220 216 2282 Afficit.
261 2218 341 2281 Ictus
355 2233 428 2296 erat,
443 2220 503 2303 quai
516 2241 583 2281 crus
597 2241 662 2282 esse
678 2221 789 2303 incipit,
805 2235 834 2283 et
850 2221 910 2305 qua

101 2315 205 2379 Mollia
220 2339 360 2380 nervosus
374 2317 443 2380 facit
457 2318 619 2380 internodia
633 2320 747 2402 poples.

101 2415 243 2498 Dumque
258 2437 347 2477 manu
361 2429 454 2478 tentat
469 2416 584 2478 trahere
599 2416 747 2478 exitiabile
763 2416 866 2492 telum,

101 2514 205 2574 Altera
220 2534 274 2595 per
284 2512 420 2596 jugulum
435 2514 541 2596 pennis
556 2527 641 2575 tenus
655 2527 720 2575 acta
734 2514 838 2595 sagitta
852 2526 909 2576 est.

102 2609 227 2693 Expulit
240 2610 317 2672 hanc
332 2611 465 2692 sanguis:
489 2632 581 2694 seque
595 2611 756 2696 ejaculatus
771 2612 801 2674 in
816 2612 908 2674 altum

101 2704 230 2784 Emicat,
246 2721 275 2770 et
289 2708 376 2790 longe
391 2708 540 2770 terebrata
554 2708 664 2792 pmsilit
679 2709 760 2771 auri.

101 2805 231 2868 Ultimus
246 2805 374 2869 llioneus
390 2828 448 2868 non
464 2806 630 2889 profectura
644 2806 792 2889 precando

100 2902 229 2966 Brachia
243 2906 414 2967 sustulerat:
439 2902 559 2987 ‘Dique
574 2926 593 2966 0
607 2903 802 2965 communiter
815 2905 940 2980 omnes,’

101 2999 240 3076 Dixerat,
258 3001 388 3087 (ignarus
403 3024 462 3064 non
476 3024 579 3064 omnes
594 3023 659 3064 esse
674 2998 833 3087 rogandos)

103 3096 260 3159 ‘Parcite'
304 3097 407 3160 Motus
422 3113 494 3174 erat,
509 3100 577 3160 cum
589 3098 650 3182 jam
665 3099 831 3160 revocabile
852 3099 947 3160 telum

102 3193 132 3257 N
134 3217 172 3256 on
187 3193 250 3270 fixit,
265 3195 458 3256 Arcitenens:
481 3196 601 3257 minimo
616 3210 714 3258 tamen
729 3196 836 3258 occidit
851 3196 900 3258 ille

104 3291 254 3367 Vulnere3
276 3313 335 3352 non
349 3290 409 3352 alta
424 3312 562 3373 percusso
576 3293 665 3356 corde
681 3293 796 3375 sagitta.

145 3389 240 3453 Fama
254 3389 334 3466 mali,
349 3388 509 3472 populique
525 3388 617 3466 dolor,
632 3392 829 3474 lacrymaeque
843 3412 963 3454 suorum

103 3486 181 3549 Tam
196 3488 297 3551 subite
311 3501 435 3550 matrem
448 3499 560 3550 certam
574 3486 671 3550 fecere
685 3489 784 3565 ruina,
