2356 4110
102 309 147 371 88
412 315 760 364 nnrnuonrnosnou

101 463 301 549 Deseruitque
317 464 441 527 ducem:
464 465 593 549 coelique
607 465 746 549 cupidine
760 479 872 529 tractus

101 562 199 648 Altius
214 562 275 644 egit
289 562 353 625 iter.
399 560 509 646 Rapidi
524 563 632 624 vicinia
645 563 713 625 solis

100 656 200 722 Mollit
213 658 359 734 odoratas,
374 679 538 741 pennarum
553 660 680 736 vincula,
695 680 777 722 ceras

100 755 272 818 Tabuerant
286 777 377 819 cera:
401 754 495 818 n‘udos
511 757 603 840 quatit
617 757 666 819 ille
681 758 826 820 lacertos:

100 851 299 938 Remigioque
314 874 416 916 carens
431 875 491 916 uon
505 854 578 915 ullas
593 854 719 938 percipit
733 876 829 917 auras.

99 949 220 1034 Oraque
235 950 371 1028 crorulei,
388 950 512 1034 patrium
527 951 684 1013 clamantia
697 973 818 1029 nomen,

99 1046 298 1131 Excipiuntur
312 1048 406 1132 aqui:
431 1069 494 1131 quae
509 1069 617 1110 nomen
633 1049 721 1110 traxit
736 1050 773 1111 ab
788 1050 851 1112 illo.

98 1143 142 1208 At
157 1159 241 1229 pater
255 1144 367 1223 infelix,
382 1166 438 1206 nec
450 1145 513 1229 jam
527 1159 620 1228 pater,
636 1144 759 1223 ‘lcare,'
775 1148 861 1226 dixit,

100 1250 108 1279 ‘
117 1242 221 1320 lcare,’
238 1243 322 1319 dixit,
338 1242 406 1303 ‘ubi
421 1244 474 1331 es?
498 1242 556 1325 qui
570 1257 600 1305 te
615 1244 734 1325 regione
749 1246 918 1329 requiram?

98 1339 202 1417 lcare,'
219 1340 353 1402 dicebat:
377 1360 490 1422 pennas
505 1340 640 1425 adspexit
656 1342 683 1402 in
699 1344 797 1419 undis,

99 1438 289 1520 Devovitque
304 1458 372 1499 suas
385 1450 479 1514 artes;
501 1459 667 1522 corpusque
682 1440 820 1522 sepulcro

98 1535 251 1614 Condidit,
267 1549 297 1598 et
311 1536 397 1598 tellus
413 1558 430 1598 a
444 1536 562 1598 nomine
579 1537 656 1599 dicta
671 1538 792 1620 sepulti.

141 1632 232 1696 Hunc
246 1633 344 1696 miseri
359 1633 472 1695 tumulo
487 1648 647 1716 ponentem
662 1658 786 1718 corpora
799 1638 860 1700 nati

99 1731 224 1795 Garrula
238 1731 352 1794 ramosi
367 1731 520 1815 prospexit
535 1732 571 1794 ab
586 1732 652 1794 ilice
668 1735 785 1817 perdix,

96 1830 139 1893 Et
154 1831 261 1914 plausit
276 1830 389 1914 pennis,
405 1842 569 1913 testataque
585 1830 692 1911 gaudia
704 1844 792 1894 cantu
809 1846 872 1910 est;

98 1928 196 1992 Unica
210 1943 280 1990 tunc
297 1928 431 2005 volucris,
447 1948 503 1989 neo
519 1928 580 1989 visa
594 1928 736 2010 prioribus
752 1931 845 2007 annis,

97 2026 251 2110 Factaque
267 2048 361 2110 nuper
376 2026 447 2101 avis,
462 2026 582 2107 longum
599 2026 661 2103 tibi,
677 2025 812 2104 Daedale,
827 2028 950 2093 crimem

98 2123 236 2207 Namque
252 2124 321 2184 huic
335 2123 503 2199 tradiderat,
518 2120 641 2184 satorum
658 2123 769 2204 ignara,
783 2125 949 2189 docendam

98 2220 275 2302 Progeniem
290 2240 428 2301 germana
442 2241 536 2296 suam,
551 2220 695 2282 natalibus
710 2222 782 2284 actis

97 2317 151 2380 Bis
167 2339 291 2402 puerum
306 2317 393 2394 senis,
409 2317 497 2379 animi
512 2317 549 2379 ad
564 2331 712 2401 praecepta
729 2320 858 2403 capacis.

97 2415 152 2478 llle
168 2416 256 2477 etiam
271 2416 369 2477 medio
383 2416 482 2497 spinas
496 2414 526 2476 in
541 2416 623 2499 pisce
638 2429 752 2478 notatas

97 2513 203 2575 Traxit
219 2513 247 2574 in
263 2513 452 2595 exemplum:
476 2510 610 2595 ferroque
625 2512 725 2576 incidit
740 2527 828 2576 acuto

97 2610 263 2694 Perpetuos
279 2610 382 2671 dentes
391 2630 399 2685 ;
422 2623 452 2671 et
467 2631 552 2670 serrae
567 2610 675 2693 reperit
690 2634 788 2673 usum.

98 2708 215 2770 Primus
230 2720 259 2769 et
275 2729 314 2768 ex
331 2729 388 2768 uno
404 2707 462 2768 duo
477 2705 703 2770 ferreabrachia
716 2709 794 2772 nodo

99 2805 221 2882 Vinxit;
242 2818 285 2882 ut,
298 2805 400 2890 aequali
412 2805 507 2888 spatio
518 2805 690 2868 distantibus
705 2806 770 2883 illis,

97 2904 200 2966 Altera
215 2926 282 2987 pars
296 2918 402 2981 staret3
424 2926 491 2986 pars
505 2905 597 2966 altera
611 2903 732 2966 duceret
747 2905 861 2966 orbem.

140 3001 279 3062 Daedalus
295 3002 398 3063 invidit
407 3024 415 3077 ;
437 3002 579 3085 sacrique
595 3023 634 3063 ex
649 3023 715 3063 arce
730 3001 875 3064 Minervae

97 3098 283 3180 Praecipitem
297 3098 396 3172 mittit,
411 3099 525 3180 lapsum
540 3100 689 3161 mentitus.
734 3100 777 3161 At
792 3100 885 3178 illum,

97 3196 174 3269 Quae
191 3194 269 3257 lavet
285 3187 418 3276 ingeniis,
434 3195 553 3277 excepit
572 3194 688 3259 Pallas:
712 3218 857 3281 avemque

97 3293 252 3369 Reddidit,
267 3306 296 3354 et
311 3290 409 3353 medio
425 3291 532 3353 velavit
548 3292 577 3354 in
593 3297 660 3356 aare
676 3295 792 3377 pennis.

97 3391 158 3453 Sed
174 3392 256 3473 vigor
269 3388 377 3472 ingenii
392 3388 540 3473 quondam
556 3390 665 3454 velocis
680 3393 710 3454 in
725 3393 795 3469 alas,

98 3487 190 3570 Inque
207 3488 299 3571 pedes
315 3487 400 3550 abiit:
424 3508 543 3564 nomen,
559 3488 637 3571 quod
652 3503 683 3552 et
698 3489 778 3566 ante,
792 3492 941 3555 remansit.
