2356 4110
534 349 640 399 metult
658 351 680 399 1.

99 500 180 575 Qun
195 514 304 563 tamen
320 520 363 561 ex
378 498 433 560 illis
448 498 547 582 aliquo
560 521 627 582 pars
642 499 763 562 humida
775 522 875 579 succo,

102 598 146 661 Et
158 613 280 661 terrena
296 597 364 674 fuit,
380 618 464 659 versa
478 610 524 659 est
538 598 568 659 in
581 599 709 681 corporis
724 621 821 661 usum.

104 696 200 770 Quod
214 696 347 758 solidum
362 709 417 773 est,
434 695 572 778 flectique
587 697 699 779 nequit,
714 711 843 758 mutatur
856 697 887 759 in
901 719 983 761 ossa:

105 793 200 867 Quod
215 793 310 856 modo
325 814 403 856 rena
416 792 481 869 fuit,
496 793 552 855 sub
566 793 673 856 eodem
688 794 806 856 nomine
821 795 937 857 mansit.
1024 798 1088 859 410

106 891 202 975 lnque
215 891 302 954 brevi
316 890 422 975 spatio,
437 912 610 974 superorum
623 891 754 968 numine,
767 914 841 954 saxa

107 988 203 1052 Missa
217 990 271 1052 viri
285 989 424 1053 menibus
441 987 548 1050 faciem
558 988 675 1050 traxere
691 989 821 1051 virilem:

109 1087 149 1150 Et
166 1089 204 1149 de
220 1087 365 1152 soemineo
379 1101 514 1170 reparata
527 1100 572 1149 est
587 1087 709 1150 soemina
718 1087 812 1172 jactu.

108 1185 184 1248 lnde
199 1208 290 1268 genus
307 1187 416 1248 durum
430 1207 541 1263 sumus,
556 1186 772 1270 experiensque
788 1186 938 1249 laborum:

109 1282 151 1346 Et
166 1284 348 1347 documenta
362 1284 476 1361 damus,
492 1283 553 1367 qui
565 1284 655 1346 simus
670 1284 780 1367 origine
795 1284 866 1346 nati.
1024 1286 1089 1347 415

533 1536 673 1583 maort.

539 1719 570 1760 v.
586 1701 660 1762 438.

109 1869 166 1931 llla
181 1870 302 1952 quidem
315 1869 419 1946 nollet,
433 1868 487 1931 sed
502 1882 531 1930 te
547 1891 677 1953 quoque,
691 1870 822 1931 maxime
837 1869 970 1952 Python,

108 1965 192 2028 Tum
207 1967 327 2049 genuit:
350 1967 526 2051 populisque
542 1967 636 2042 novis,
651 1967 799 2047 incognita
813 1987 945 2050 serpens,

108 2061 222 2125 Terror
236 2085 319 2146 eras3
341 2076 455 2127 tantum
469 2063 555 2146 spatii
571 2063 608 2125 de
624 2077 725 2125 monte
740 2063 873 2126 tenebas.

110 2158 201 2223 Hane
215 2160 290 2221 deus
304 2160 479 2237 arcitenens,
494 2175 525 2223 et
538 2183 690 2244 nunquam
705 2161 811 2223 talibus
826 2161 913 2224 armis

109 2256 205 2334 Ante,
219 2257 275 2320 nisi
289 2257 320 2319 in
334 2256 428 2320 damis
441 2258 614 2342 capreisque
629 2258 790 2339 fugacibus,
805 2280 886 2336 usus,
1024 2261 1088 2322 4510

108 2350 197 2416 Mille
212 2375 334 2435 gravem
348 2353 425 2431 telis,
439 2354 586 2418 exhausto
600 2355 677 2438 pene
692 2355 841 2437 pharetrfu

108 2448 258 2528 Perdidit,
271 2450 366 2513 effluo
381 2472 435 2534 per
449 2452 571 2515 vulnera
585 2452 668 2534 nigra
682 2474 809 2516 veneno.

108 2545 200 2611 Nove
215 2546 314 2631 operis
326 2548 434 2615 sumam
448 2550 540 2633 possit
555 2550 654 2612 delere
663 2487 854 2628 'vetustasfi'

107 2645 240 2709 Instituit
252 2667 351 2709 sacros
364 2646 474 2711 celebri
488 2648 648 2710 certamine
662 2649 759 2726 ludos,

107 2742 235 2827 Pythia,
249 2744 288 2806 de
302 2743 419 2807 domitae
434 2745 577 2828 serpentis
592 2746 710 2809 nomine
725 2745 831 2808 dictos.
1024 2749 1088 2810 425

107 2841 167 2904 His
176 2841 324 2926 juventun
340 2842 508 2927 quicunque
522 2864 622 2920 manu,
638 2843 812 2926 pedibusve,
827 2842 930 2904 rotive

107 2938 251 3016 Vicerat3
274 2940 406 3009 esculee
421 2941 556 3023 capiebat
571 2940 680 3003 frondis
694 2939 847 3001 honorem.

104 3036 252 3101 Nondum
266 3038 367 3100 laurus
381 3051 445 3101 erat
453 3059 462 3114 ;
483 3038 630 3122 longoque
646 3037 783 3100 decentia
796 3038 875 3101 crine

102 3135 260 3222 Tempora
273 3137 413 3219 cingebat
427 3136 465 3199 de
481 3136 612 3221 quidibet
626 3136 728 3200 arbore
743 3135 889 3202 Phoebus.
