2356 4110
101 313 162 373 154
485 321 668 372 flnuomus

98 472 199 556 Atque
214 472 316 556 aliquis
331 471 428 557 positia
440 485 582 534 monstrat
596 471 656 534 sera
672 471 771 555 prolia
784 473 893 538 mensis
901 495 911 554 ;

140 568 241 652 Pingit
255 583 285 632 et
300 571 409 652 exiguo
423 567 571 651 Pergama
585 581 650 633 tota
660 590 752 636 mero.

98 666 185 729 ‘Hac
200 667 259 729 ibat
274 666 392 743 Simois,
407 665 456 728 hio
471 680 515 728 est
531 666 631 748 Sigeia
645 667 751 743 tellus3

141 762 200 825 Hic
216 777 335 826 steterat
349 763 460 826 Priami
473 763 555 845 regia
567 764 649 825 celsa
659 763 748 825 senis.

97 859 163 929 Illic
177 860 328 938 AEaoides‚
343 859 402 922 illic
416 859 557 922 tendebat
571 858 714 943 Ulysses:

141 957 202 1021 Hic
216 958 295 1020 lacer
309 959 450 1021 admissos
465 958 567 1021 terruit
583 956 828 1042 Hooturequos?

98 1054 209 1118 Omnia
223 1078 352 1140 namque
366 1070 418 1120 tuo
433 1055 539 1132 senior,
554 1068 584 1116 te
601 1076 728 1138 quaerore
744 1056 843 1134 misso,

142 1151 297 1216 Retulerat
312 1167 381 1214 nato
396 1151 522 1214 Nestor:
545 1151 638 1213 atille
652 1152 734 1214 mihi.

99 1248 216 1312 Retulit
231 1264 261 1312 et
276 1249 351 1311 ferro
366 1248 562 1333 Rhesumque
577 1248 755 1334 Dolonaque
770 1271 874 1329 caesos,

141 1348 244 1432 thue
259 1349 295 1410 sit
310 1349 357 1410 hic
371 1369 474 1409 somno
490 1348 632 1430 pmditus,
647 1348 695 1410 ille
711 1349 790 1412 dolo.

98 1445 199 1508 Ausus
214 1466 257 1521 es,
272 1444 425 1507 onimium
440 1443 621 1529 nimiumque
636 1446 725 1508 oblite
740 1460 869 1525 tuorum,

140 1542 270 1605 Thracia
283 1555 426 1604 nocturno
440 1556 561 1624 tangere
575 1556 671 1605 castra
685 1543 775 1622 dolo;

98 1639 219 1724 Totque
234 1639 320 1701 simul
335 1652 463 1701 mactare
478 1639 566 1716 viros,
582 1639 698 1725 adjutus
713 1642 750 1703 ab
764 1662 836 1704 uno.

142 1737 186 1798 At
199 1737 276 1798 bene
290 1750 392 1798 cautus
407 1757 482 1812 eras,
497 1749 528 1797 et
542 1758 656 1800 memor
670 1738 738 1799 ante
753 1739 825 1802 mei.

99 1833 203 1918 Usque
219 1848 298 1896 metu
314 1833 444 1895 micudre
459 1833 557 1910 sinus;
579 1833 650 1896 dum
665 1835 758 1897 victor
773 1836 903 1900 amicum

143 1932 250 1994 Dictus
265 1953 296 1993 es
311 1929 438 1994 Ismariis
452 1930 510 1993 isse
526 1951 579 2014 per
593 1952 699 2015 agmen
715 1933 809 2017 equis

99 2028 161 2091 Sed
175 2029 247 2091 mihi
263 2029 332 2112 quid
346 2028 466 2111 prodest
480 2027 582 2090 vestris
597 2027 719 2112 disjecta
732 2028 848 2093 lacertis

141 2124 231 2187 Ilios?
253 2137 294 2200 et,
309 2145 408 2185 murus
424 2123 503 2207 quod
517 2124 569 2186 suit
584 2125 663 2201 ante,
678 2127 795 2189 solum?

100 2222 132 2284 Si
147 2243 263 2298 maneo,
280 2220 370 2304 qualis
385 2219 478 2304 Trojd
494 2220 616 2282 durante
631 2223 806 2301 manebam

142 2318 255 2402 Virque
270 2318 352 2394 mihi,
367 2318 489 2402 dempto
502 2319 559 2379 fine
575 2318 729 2398 carendus,
745 2320 837 2383 abes?

89 2417 205 2480 *Diruta
219 2415 373 2494 surtariis,
388 2417 437 2478 uni
453 2416 525 2478 mihi
539 2414 688 2498 Pergama
701 2431 811 2481 restant
819 2439 834 2497 ;1

141 2513 241 2575 Incola
256 2512 374 2596 captivo
390 2535 453 2598 quae
467 2513 546 2575 bove
564 2513 654 2576 victor
668 2528 740 2577 arat.

98 2610 167 2672 Jarn
182 2632 266 2692 seges
280 2624 325 2672 est
339 2610 389 2671 ubi
403 2609 496 2693 Troja
510 2608 573 2687 suit,
589 2612 806 2696 resecandaque
821 2611 895 2677 lilce

141 2707 286 2770 Luxuriat
301 2706 432 2791 Phrygio
446 2707 587 2789 sanguine
602 2708 718 2792 pinguis
732 2709 851 2772 humus.

99 2804 298 2889 Semisepulta
312 2806 406 2868 virdm
421 2805 517 2869 curvis
532 2804 674 2868 feriuntur
687 2807 786 2869 aratris

140 2903 237 2965 Ossa:
260 2904 390 2966 ruinosas
404 2905 514 2968 occulit
529 2905 619 2967 herba
634 2905 747 2966 domos.

98 2998 202 3059 Victor
218 3000 306 3076 abes3
327 3023 384 3063 nec
398 3002 470 3064 scire
486 3003 568 3079 mihi,
585 3023 648 3086 quae
662 3023 751 3064 causa
764 3001 909 3081 morandi,

140 3095 203 3157 Aut
218 3096 246 3157 in
263 3119 321 3179 quo
335 3098 426 3160 lateas
442 3094 551 3160 ferreus
566 3100 647 3176 orbe,
661 3099 741 3161 licet.

97 3193 240 3278 Quisquis
256 3194 292 3255 ad
307 3195 370 3256 haec
386 3195 472 3257 vertit
487 3197 671 3279 peregrinam
686 3196 782 3258 littora
797 3199 934 3285 puppim,

139 3293 193 3355 llle
208 3292 280 3355 mihi
295 3291 332 3354 de
348 3305 377 3354 te
392 3293 484 3356 multa
498 3307 614 3376 rogatus
630 3294 699 3357 abit.

97 3388 258 3475 Quamque
273 3391 325 3454 tibi
339 3391 454 3468 reddat,
469 3391 493 3454 si
507 3406 537 3453 te
552 3392 642 3454 modd
658 3392 762 3456 viderit
776 3415 913 3480 usquam,

138 3487 278 3551 Traditur
291 3489 361 3553 huic
376 3488 472 3572 digitis
485 3491 588 3552 charta
602 3503 702 3554 notata
716 3491 800 3554 meis.

1029 479 1063 540 25
