2356 4110
477 339 652 393 EPISTOLA
676 344 709 394 X.

97 485 130 548 Si
144 508 238 565 mare,
253 488 279 550 si
295 501 398 566 terras,
412 505 607 576 porrectaque
621 493 717 558 littora
733 496 811 574 vidi;

140 581 241 646 Multa
256 585 331 647 mihi
346 599 439 664 terrae,
453 588 547 650 multa
560 589 708 653 minantur
722 613 815 676 aquae.

100 679 222 743 Coelum
237 683 384 746 restabat:
406 685 498 748 timeo
512 686 666 751 simulacra
681 689 815 752 deorum.

141 778 300 842 Destituor
313 781 421 864 rapidis
436 784 535 867 praeda
548 785 690 870 cibusque
704 785 782 849 feris.

103 875 171 939 Sive
186 878 290 940 colunt
304 877 495 966 habitantque
512 882 576 960 viri,
593 884 750 947 diffidimus
764 885 830 948 illis.

142 973 295 1038 Externos
310 977 398 1041 didici
412 978 480 1041 laesa
493 980 597 1042 timere
613 980 700 1043 viros.

105 1068 226 1136 Viveret
240 1073 418 1156 Androgeos
433 1077 562 1140 utinam:
584 1099 641 1140 nec
655 1078 732 1142 facta
745 1080 849 1142 luisses

143 1170 239 1255 Impia
253 1171 413 1252 funeribus,
429 1173 560 1259 Cecropi
575 1189 661 1253 terra,
676 1177 755 1240 tuis!
1015 1187 1077 1248 100

58 1298 61 1339 t
108 1265 168 1331 Nec
182 1282 234 1332 tua
248 1271 408 1335 mactdsset
420 1274 535 1336 nodoso
549 1275 658 1358 stipite,
673 1274 809 1353 Theseu,

144 1367 247 1430 Ardua
261 1383 346 1452 parte
363 1371 456 1434 virum
471 1373 606 1449 dextera,
621 1387 704 1457 parte
719 1374 846 1437 bovem!

109 1462 166 1528 Nec
179 1467 243 1544 tibi,
259 1489 322 1552 quae
337 1470 448 1546 reditus
462 1485 666 1548 monstrarent,
680 1471 729 1533 fila
743 1472 909 1550 dedissem3

145 1560 208 1624 Fila
221 1585 277 1646 per
291 1564 431 1628 adductas
446 1587 524 1649 saepe
538 1580 660 1649 recepta
674 1567 796 1630 manus!

113 1653 168 1720 Non
182 1660 321 1744 equidem
335 1662 433 1740 miror,
444 1664 468 1726 si
482 1676 540 1726 stat
553 1664 674 1726 victoria
687 1677 797 1742 tecum,
1014 1669 1077 1730 105

147 1756 297 1842 Strataque
312 1757 460 1823 Cretaeam
474 1762 573 1824 bellua
588 1762 674 1824 tinxit
688 1762 823 1824 humum.

115 1848 168 1916 Non
182 1870 319 1939 poterant
332 1858 381 1940 figi
396 1859 555 1941 precordia
569 1859 663 1921 ferrea
676 1881 785 1922 cornu:

146 1950 184 2015 Ut
199 1967 229 2016 te
242 1976 303 2016 non
318 1969 445 2037 tegeres,
459 1970 580 2040 pectore
593 1970 674 2020 tutus
687 1977 763 2020 eras.

116 2043 163 2112 lllic
177 2066 209 2114 tu
223 2053 330 2131 silices,
345 2053 404 2116 illic
419 2054 575 2117 adamanta
589 2055 697 2117 tulisti:

146 2147 216 2228 lllie,
232 2150 282 2234 qui
301 2151 408 2229 silices,
423 2150 554 2229 Thesea,
569 2153 678 2231 vincat,
692 2153 795 2215 habes.
1012 2157 1080 2217 llo

116 2239 244 2309 Crudeles
259 2248 365 2326 somni,
381 2249 452 2332 quid
466 2270 515 2311 me
529 2250 662 2312 tenuistis
676 2249 823 2312 inertem?

146 2345 182 2407 At
196 2347 292 2408 semel
307 2346 414 2408 eterni
428 2360 516 2410 nocte
531 2348 693 2431 premenda
706 2347 759 2409 fui.

115 2433 162 2503 Vos
176 2464 308 2527 quoque,
323 2444 458 2506 crudeles
473 2446 564 2523 venti,
577 2445 760 2528 nimiquue
775 2446 887 2527 parati;

143 2538 334 2624 Flaminaque
349 2543 378 2604 in
393 2543 538 2625 lacrymas
553 2542 683 2605 officiosa
696 2563 790 2605 meas.

112 2630 232 2701 Dextera
247 2639 384 2717 crudelis,
399 2661 464 2724 quae
478 2662 528 2703 me
542 2641 719 2724 lintremque
734 2640 868 2703 necavit:
1010 2643 1072 2704 115

142 2733 179 2798 Et
195 2737 264 2799 data
278 2737 423 2820 poscenti,
437 2759 546 2800 nomen
562 2739 659 2816 inane,
673 2738 756 2800 fides.

109 2826 135 2891 lu
147 2856 192 2896 me
204 2835 340 2919 jnrbrunt
353 2857 483 2914 somnus,
501 2851 676 2920 ventusque,
690 2835 834 2917 fidesque.

140 2930 259 2994 Prodita
273 2955 339 2994 sum
354 2933 450 2996 causis
465 2956 524 2997 una
539 2934 640 3018 puella
653 2933 755 2995 tribus.

107 3022 175 3111 Ergo
191 3051 248 3112 ego
262 3052 319 3092 neo
334 3032 480 3115 lacrymas
494 3033 592 3094 matris
607 3031 746 3094 moritura
760 3028 889 3091 videbo:

138 3126 214 3203 Nec,
230 3149 299 3191 mea
314 3129 363 3212 qui
378 3130 485 3212 digitus
500 3130 611 3191 lumina
625 3128 743 3205 condat,
759 3128 835 3190 erit?
1009 3128 1071 3190 120

105 3221 218 3307 Spiritus
233 3226 336 3288 infelix
351 3229 518 3311 peregrinas
533 3228 585 3289 ibit
599 3228 628 3289 in
644 3247 747 3304 auras;

136 3323 202 3386 Nec
217 3325 330 3408 positos
345 3339 423 3388 artus
438 3339 550 3408 unguet
564 3325 658 3387 amica
673 3326 798 3386 manus?

67 3446 70 3453 ⁴
99 3417 169 3483 Ossa
184 3421 394 3505 superstabunt
409 3422 542 3484 volucres
557 3421 708 3483 inhumata
721 3419 859 3482 marine?

134 3517 211 3582 Haec
225 3533 296 3583 sunt
310 3520 414 3584 officiis
429 3520 516 3602 digna
530 3519 666 3603 sepulcra
680 3518 777 3579 meis?
