2370 4110
457 304 565 353 LIBER
587 305 643 354 XV.

61 451 139 529 Nec,
155 452 211 515 nisi
225 453 295 515 crim
309 453 406 515 senior
419 453 527 516 similes
542 455 699 537 aequaverit
714 477 816 534 annos,

63 550 221 612 AEthereas
236 550 322 612 sedes
336 564 519 634 cognataque
534 551 630 614 sidera
644 566 756 634 tanget·

60 647 149 710 Hanc
164 649 293 710 animam
308 647 417 710 interea
432 670 508 710 caeso
523 648 560 710 de
575 671 699 731 corpore
714 663 840 733 raptam,

60 744 124 807 Fac
136 744 235 829 jubar,
250 759 282 807 ut
297 766 415 828 semper
430 744 579 828 Capitolia
593 760 690 808 nostra
706 746 876 832 Forumque

60 841 158 905 Divus
174 842 212 904 ab
226 841 348 904 excelsi
362 856 532 925 prospectet
545 841 642 904 Julius
657 843 742 906 aede.'
972 848 1037 911 295

103 938 168 1001 Vix
183 960 219 1000 ea
233 938 309 1000 latus
324 952 396 1015 erat,
411 939 511 1000 media
523 938 592 1001 cirrn
607 939 677 1001 seda
693 939 821 1003 Senatus

60 1035 203 1099 Constitit
217 1036 294 1097 alma
309 1034 424 1112 Venus,
440 1036 510 1098 nulli
524 1036 682 1114 cernenda,
696 1036 800 1120 suique

59 1131 187 1196 Caesaris
201 1132 307 1215 eripuit
321 1132 469 1210 membris,
484 1154 540 1194 nec
554 1133 585 1194 in
599 1136 668 1194 a'e'ra
680 1133 753 1196 solvi

58 1229 153 1292 Passa
167 1242 317 1292 recentem
332 1229 470 1305 animam,
485 1230 654 1292 coelastibus
668 1229 765 1294 intulit
779 1231 873 1294 astris.

58 1326 203 1411 Dumque
217 1325 294 1403 tulit,
309 1326 409 1388 lumen
424 1347 542 1410 capere,
557 1341 646 1411 atque
661 1327 812 1409 ignescere
826 1329 928 1407 sensit,
971 1332 1036 1396 300

58 1422 226 1507 Emisitque
240 1423 317 1485 sinu.
360 1422 451 1485 Luni
466 1424 544 1487 volat
559 1425 644 1487 altiirs
658 1425 718 1502 illa,

58 1519 342 1604 Flammisemmque
356 1521 474 1582 trahens
488 1522 616 1604 spatioso
630 1521 723 1583 limite
737 1521 849 1586 crinem

59 1618 153 1681 Stella
167 1618 267 1694 micat,
281 1617 402 1701 natique
418 1617 520 1680 videns
534 1618 611 1680 bene
627 1618 717 1696 sacta,
731 1618 837 1682 latetur

58 1714 137 1778 Esse
151 1715 211 1777 suis
224 1714 345 1800 majora,
357 1728 387 1777 et
402 1714 477 1777 vinci
493 1715 602 1796 gaudet
616 1716 653 1776 ab
668 1716 729 1778 illo.

59 1812 119 1876 Hic
135 1834 188 1875 sua
202 1812 330 1896 praserri
347 1834 516 1896 quanquam
531 1827 612 1874 vetat
627 1827 693 1875 acta
706 1814 853 1896 patemis;
969 1817 1034 1879 3⁰⁵

58 1910 171 1974 Libera
186 1910 265 1972 lama
278 1923 388 1987 tamen,
403 1910 548 1992 nullisque
563 1910 690 1972 obnoxia
701 1909 800 1994 jussis,

58 2007 189 2071 Invitum
204 2006 320 2091 praelert
329 2029 338 2084 ;
360 2006 479 2090 unique
494 2007 523 2069 in
539 2020 621 2090 parte
635 2021 791 2090 repugnat.

59 2105 109 2168 Sic
124 2105 222 2188 magni
237 2105 318 2169 cedit
332 2105 422 2167 titulis
440 2104 670 2186 Agamemnonis
686 2105 814 2168 Atreus:

58 2202 157 2284 AEgea
171 2204 213 2265 sic
228 2201 376 2279 TheseuS,
391 2203 433 2264 sic
448 2201 542 2264 Pelea
558 2203 647 2265 vincit
661 2203 806 2266 Achilles.

59 2297 211 2383 Denique,
226 2313 259 2362 ut
273 2299 421 2381 exemplis
438 2299 516 2382 ipsos
531 2299 711 2382 aquantibus
725 2313 800 2377 utar,
970 2303 1035 2365 310

60 2395 110 2459 Sic
125 2409 156 2458 et
172 2395 314 2458 Saturnus
329 2396 423 2458 minor
437 2409 482 2457 est
497 2394 586 2458 Jove.
630 2395 748 2479 Jupiter
762 2417 844 2458 acres

58 2492 223 2576 Temperat
237 2494 387 2569 aethereas,
402 2507 433 2554 et
447 2493 548 2555 mundi
563 2514 653 2575 regna
667 2492 822 2556 triformis:

57 2590 154 2653 Terra
167 2590 222 2652 sub
237 2590 394 2671 Augusto:
419 2605 502 2674 pater
517 2605 562 2653 est
577 2605 608 2653 et
621 2606 717 2654 rector
728 2606 863 2675 uterque.

101 2686 156 2764 Di,
172 2708 287 2770 precor,
302 2686 407 2750 AEneae
422 2688 555 2763 comites,
571 2689 675 2771 quibus
690 2689 768 2751 ensis
783 2702 813 2750 et
828 2689 902 2770 ignis

57 2781 234 2860 Cesserunt,
250 2784 339 2867 dique
354 2783 515 2866 Indigetes,
531 2785 714 2867 genitorque,
730 2783 869 2862 Quirine,
970 2788 1034 2849 315

56 2879 159 2957 Urbis,
175 2894 206 2944 et
219 2880 320 2943 invicti
334 2882 458 2962 genitor,
474 2879 615 2956 Gradive,
631 2879 760 2957 Quirini,

59 2977 212 3063 Vestaque
227 2977 381 3041 Cesareos
395 2977 470 3040 inter
483 2991 597 3040 sacrata
610 2976 752 3056 Penates,

57 3074 184 3139 Etcum
199 3074 395 3151 cesaream,
410 3073 529 3138 Phoebe
544 3075 716 3154 domestice,
733 3073 840 3154 Vestis,

57 3171 181 3256 Quique
196 3187 280 3236 tenes
295 3173 370 3235 altus
384 3171 539 3256 Tarpeias,
554 3172 682 3257 Jupiter,
697 3195 789 3253 arces,

57 3269 205 3353 Quosque
221 3271 292 3332 alios
307 3269 366 3331 vati
381 3268 423 3330 las
439 3270 588 3353 appellare
603 3271 764 3355 piumque;
969 3272 1034 3334 320

56 3367 159 3429 Tarda
172 3368 209 3429 sit
224 3367 274 3428 illa
288 3367 361 3443 dies,
376 3380 405 3428 et
419 3379 520 3429 nostro
535 3368 626 3430 serior
640 3389 714 3444 aevo,

56 3462 131 3537 Qua
145 3476 237 3546 caput
251 3463 432 3545 Augustum,
447 3484 535 3546 quem
550 3477 707 3547 temperat,
718 3464 789 3526 orbe
803 3463 907 3528 relicto

56 3559 195 3625 Accedat
207 3559 297 3637 coelo,
312 3559 469 3644 faveatque
484 3561 670 3644 precantibus
684 3561 801 3624 absens.
