2356 4110
148 331 191 394 66
463 335 811 386 unrauonrflosuou

149 471 308 573 Tantaque
322 488 492 571 simplicitas
507 487 667 570 puerilibus
682 487 765 548 affuit
779 485 872 562 annis,

150 586 224 649 Haee
241 607 359 670 quoque
374 586 538 667 virgineum
552 586 645 648 movit
656 585 771 670 jactura
785 585 928 647 dolorem.

192 684 311 766 Raptor
325 683 384 766 agit
398 705 511 761 currus
527 696 557 745 et
572 684 691 745 nomine
708 704 856 767 quemque
873 696 996 748 vocatos
1072 689 1135 749 240

151 781 335 846 Exhortatur
350 803 459 865 equos:
485 804 608 864 quorum
623 803 677 864 per
691 782 767 844 colla
779 781 927 865 jubasque

152 879 275 943 Excutit
289 880 414 943 obscuri
427 880 531 942 tinctas
546 880 691 962 ferrugine
707 880 848 941 habenas.

150 978 269 1062 Perque
284 979 366 1041 lacus
381 979 465 1055 altos,
481 992 511 1040 et
526 978 634 1040 olentia
648 977 757 1039 sulfure
772 977 863 1040 fertur

150 1076 260 1159 Stagna
276 1076 457 1153 Palicorum,
473 1076 561 1158 rupti
576 1075 718 1136 ferventia
733 1076 827 1137 terri:

149 1173 191 1238 Et
207 1198 264 1259 qua
278 1174 467 1251 Bacchiadae,
484 1174 586 1236 bimari
602 1195 674 1255 gens
688 1188 753 1236 orta
767 1173 925 1237 Corintho,
1069 1180 1132 1238 245

149 1272 230 1336 lnter
244 1274 401 1356 inaequales
416 1285 577 1355 posuerunt
592 1272 702 1334 moenia
716 1285 827 1354 portus.

192 1370 249 1432 Est
263 1370 394 1432 medium
408 1370 542 1452 Cyanes,
558 1384 587 1432 et
602 1369 705 1431 Pisaeae
721 1370 888 1447 Arethusae,

149 1468 244 1541 Quod
258 1469 320 1530 coit
335 1469 463 1550 angustis
478 1467 624 1530 inclusum
638 1469 775 1530 cornibus
790 1490 898 1550 aequor.

149 1564 210 1629 Hic
226 1566 289 1644 fuit,
305 1588 322 1628 a
336 1566 420 1651 cujus
436 1581 571 1648 stagnum
587 1587 704 1651 quoque
720 1566 839 1628 nomine
854 1566 966 1628 dietum
982 1581 1038 1643 est,

149 1663 230 1727 Inter
245 1665 387 1728 Sicelidas
402 1665 510 1749 Cyane
526 1664 716 1726 celeberrima
730 1665 897 1747 nymphas;
1068 1669 1134 1729 250

149 1764 341 1849 Agnovitque
357 1765 464 1827 deum:
489 1762 536 1824 ‘N
539 1785 574 1824 ec
590 1763 703 1844 longibs
719 1762 817 1838 ibitis,'
832 1763 942 1845 inquit:

150 1870 159 1900 ‘
168 1862 239 1925 Non
254 1878 339 1948 potes
354 1864 451 1927 invitae
467 1861 586 1924 Cereris
602 1882 693 1943 gener
711 1882 793 1922 esse:
816 1862 956 1942 roganda,

150 1960 219 2023 Non
235 1963 376 2046 rapienda
390 1962 454 2025 fuit.
500 1960 633 2033 Quodsi
648 1980 826 2041 componere
844 1959 956 2040 magnis

150 2059 248 2122 Parva
262 2061 334 2123 milri
349 2059 391 2122 fas
407 2074 470 2136 est;
493 2073 524 2121 et
537 2080 586 2120 me
602 2058 706 2120 dilexit
720 2057 846 2139 Anapis.

151 2156 284 2219 Exorata
298 2172 409 2234 tamen,
424 2179 491 2232 nec,
506 2171 540 2218 ut
554 2157 628 2232 haec,
643 2156 783 2217 exterrita
798 2155 906 2238 nupsi‚'
1067 2160 1132 2219 255

150 2253 255 2316 Dixit:
280 2268 320 2332 et,
335 2255 363 2316 in
379 2267 477 2338 partes
493 2254 622 2316 diversas
637 2253 756 2315 brachia
770 2253 905 2328 tendens,

150 2352 282 2415 Obstitit.
328 2351 418 2416 Haud
433 2354 509 2416 ultrb
523 2354 617 2416 tenuit
632 2353 784 2415 Saturnius
799 2353 890 2414 iram:

149 2450 368 2535 Terribilesque
384 2453 516 2514 hortatus
531 2473 634 2535 equos,
650 2452 679 2513 in
695 2450 814 2532 gurgitis
829 2451 888 2512 ima

150 2549 329 2612 Contortum
345 2550 442 2612 valido
456 2564 606 2633 sceptrum
622 2549 720 2629 regale
735 2550 846 2611 lacerto

149 2647 302 2709 Condidit.
348 2647 411 2709 Icta
426 2647 505 2709 viam
519 2648 606 2710 tellus
622 2647 651 2708 in
667 2647 791 2709 Tartara
805 2647 885 2724 fecit,
1066 2651 1132 2712 260

149 2745 191 2809 Et
206 2768 313 2830 pronos
328 2768 428 2809 currus
443 2746 542 2808 medio
557 2759 669 2808 cratere
684 2746 806 2828 recepit.

149 2846 193 2907 At
208 2844 327 2929 Cyane,
342 2861 515 2930 raptamque
531 2844 628 2920 deam,
643 2856 872 2926 contemptaque
887 2841 975 2905 fontis

149 2942 223 3004 Jura
237 2945 281 3005 sui
298 2966 438 3021 moerens,
453 2942 662 3006 inconsolabile
678 2941 784 3003 vulnus

149 3038 255 3103 Mente
271 3041 345 3121 gerit
360 3041 459 3117 taciti,
474 3042 670 3124 lacrymisque
685 3039 847 3101 absumitur
860 3038 972 3100 omnis:

150 3138 202 3216 Et,
218 3158 341 3222 quarum
356 3136 450 3199 fuerat
464 3159 605 3218 magnum
620 3136 710 3199 modb
725 3157 847 3212 numen,
863 3136 892 3198 in
907 3135 971 3198 illas
1066 3138 1130 3200 265

150 3236 341 3300 Extenuatur
354 3255 455 3318 aquas.
500 3233 611 3296 Molliri
626 3235 759 3296 membra
773 3232 906 3296 videres:

150 3335 228 3397 Ossa
242 3335 301 3419 pati
319 3334 430 3397 flexus:
454 3353 567 3412 ungues
583 3333 714 3416 posuisse
725 3333 868 3414 rigorem:

150 3432 309 3517 Primaque
325 3434 361 3495 de
377 3430 440 3494 toti
454 3430 625 3491 tenuissima
641 3450 764 3514 quaeque
779 3430 956 3512 liquescunt,

151 3528 277 3594 Cerulei
292 3532 397 3609 crines,
413 3527 565 3611 digitique,
580 3541 611 3589 et
625 3548 720 3605 crura,
736 3527 905 3611 pedesque:
