2356 4110
493 963 524 1005 v.
539 943 592 1006 89.

10 1091 12 1159 !
64 1122 143 1188 Hunc
158 1123 284 1187 adsueta
297 1126 403 1188 cohors
418 1123 527 1208 Satyri,
541 1124 730 1209 Baochaeque
745 1125 946 1211 frequentant:

62 1222 95 1284 At
109 1223 230 1285 Silenus
245 1223 339 1284 abest.
383 1221 576 1284 'litubantem
591 1223 733 1307 annisque
747 1245 889 1309 meroque

61 1317 202 1382 Ruricolae
216 1321 327 1402 cepere
341 1318 497 1402 Phryges:
521 1320 711 1403 vinctumque
724 1323 839 1386 coronis

59 1416 101 1478 Ad
116 1438 221 1498 regem
236 1417 354 1478 traxere
368 1415 490 1479 Midan:
513 1417 561 1479 cui
576 1416 723 1480 Thracius
738 1417 879 1503 Orpheus

59 1511 143 1595 Orgia
159 1513 328 1591 tradiderat,
342 1535 411 1576 cum
427 1512 577 1598 Cecropio
592 1514 753 1599 Eumolpo.
1010 1521 1032 1584 ⁶

59 1608 116 1682 Qui
130 1612 220 1673 simul
234 1611 353 1693 agnovit
368 1611 481 1674 socium
495 1612 694 1695 comitemque
708 1633 867 1692 sacrorum,

58 1705 189 1791 Hospitis
204 1708 335 1772 adventu
349 1708 457 1771 sestum
471 1709 623 1792 genialiter
637 1709 697 1792 egit

58 1803 113 1867 Per
126 1806 172 1868 bis
188 1807 318 1890 quinque
334 1807 408 1884 dies,
423 1821 454 1869 et
464 1805 582 1891 junctas
597 1808 698 1871 ordine
713 1821 827 1871 noctes.

94 1902 136 1966 Et
146 1903 212 1988 jam
226 1904 375 1967 stellarum
390 1905 515 1967 sublime
529 1908 669 1988 coegerat
682 1926 789 1988 agmen

58 1998 174 2064 Lucifer
188 2001 372 2080 undecimus,
387 2001 491 2086 Lydos
505 2003 575 2065 edm
588 2003 672 2065 laetus
685 2002 715 2065 in
732 2023 817 2085 agros
991 2007 1031 2068 10

58 2096 125 2161 Rex
141 2099 241 2175 venit3
263 2112 294 2161 et
303 2098 408 2182 juveni
423 2099 558 2162 Silenum
571 2100 667 2163 reddit
686 2101 815 2164 alumno.

58 2194 134 2258 Huic
149 2197 224 2259 deus
238 2196 360 2279 optandi
373 2210 499 2279 gratum,
514 2198 567 2260 sed
582 2199 695 2276 inutile,
710 2197 781 2262 fecit

57 2290 189 2356 Muneris
203 2292 362 2370 arbitrium,
377 2294 508 2376 gaudens
524 2295 615 2358 altore
629 2307 761 2379 recepto.

57 2386 105 2452 llle
120 2390 200 2453 male
215 2411 320 2453 usurus
334 2391 428 2468 donis,
440 2392 490 2470 ait,
507 2391 633 2470 ‘Effice‚
649 2393 791 2477 quidquid

57 2485 188 2571 Corpore
203 2488 364 2570 contigero,
379 2488 493 2551 fulvum
509 2504 638 2553 vertatur
652 2490 681 2553 in
697 2490 822 2553 aurum’
990 2495 1030 2556 15

55 2585 168 2648 Adnuit
182 2585 307 2669 optatis:
330 2586 523 2670 nocituraque
538 2609 660 2650 munera
673 2587 760 2652 solvit

55 2681 162 2761 Liber;
184 2696 215 2746 at
228 2683 362 2760 indoluit,
378 2683 458 2767 qudd
472 2706 532 2746 non
546 2686 666 2749 meliora
680 2685 814 2769 petisset.

94 2779 196 2843 Laetus
211 2780 289 2857 abit3
312 2782 480 2865 gaudetque
495 2782 574 2844 malo
588 2782 809 2865 Berecynthius
824 2783 929 2844 heros:

54 2876 281 2961 Pollicitamque
296 2878 384 2940 fidem
400 2880 549 2962 tangendo
563 2880 676 2962 singula
690 2891 793 2941 tentat.

54 2973 175 3060 erque
190 2976 243 3038 sibi
258 2975 392 3054 credens,
407 2999 466 3040 non
481 2977 542 3040 alta
556 2977 658 3040 fronde
673 2977 816 3040 virentem
987 2981 1030 3044 20

52 3072 123 3136 llice
140 3073 268 3136 detraxit
282 3073 411 3156 virgam:
435 3075 518 3157 virga
532 3096 620 3138 aurea
636 3073 713 3139 sacta
727 3088 782 3139 est.

50 3169 144 3234 Tollit
159 3172 251 3234 humo
265 3191 388 3234 sexum:
412 3193 517 3235 saxum
533 3194 651 3256 quoque
666 3174 769 3257 palluit
783 3196 865 3238 auro.

50 3269 187 3352 Contigit
202 3283 233 3332 et
246 3271 382 3352 glebam:
404 3283 543 3334 contactu
558 3272 645 3353 gleba
658 3272 772 3356 potenti

48 3367 153 3430 Massa
167 3369 210 3430 fit.
255 3368 385 3432 Arentes
401 3366 521 3432 Cereris
537 3369 684 3454 decerpsit
699 3369 819 3433 aristas:

49 3467 153 3530 Aurea
167 3466 272 3530 messis
286 3481 360 3530 eret.
404 3465 573 3549 Demptum
586 3479 669 3530 tenet
684 3467 785 3530 arbore
800 3484 940 3548 pomum:
984 3467 1027 3530 25

265 3564 315 3628 9*
