2356 4110
173 333 234 394 146
465 333 813 391 Masauouanosnon

169 491 237 555 Nec
253 512 307 575 par
320 504 371 554 aut
385 510 492 554 eadem
506 501 655 552 nocturne
671 487 765 552 forma
776 486 884 549 Diana

170 589 247 652 Esse
262 602 360 673 potest
373 610 521 673 unquam:
545 607 723 671 semperque
737 586 881 648 hodierna
893 599 1055 669 sequente,

171 687 203 750 Si
218 687 333 764 crescit,
344 687 442 750 minor
456 700 520 763 est;
541 685 644 769 major,
661 685 686 748 si
699 684 845 747 contrabit
863 684 980 746 orbem.

214 784 319 858 Quid?
342 786 445 847 nonin
460 785 576 868 species
589 783 751 853 ¹succedere
767 796 893 866 quatuor
901 803 1023 845 aunum
1091 783 1140 843 140

171 883 321 966 Adspicis,
337 884 428 945 astans
443 895 633 967 peragentem
648 880 808 943 imitamina
823 883 951 943 nostre?

173 974 253 1042 Nam
268 995 361 1056 tener,
377 994 407 1042 et
421 981 544 1056 lactens,
560 978 702 1062 puerique
717 978 880 1040 simillimus
892 998 960 1040 aevo

174 1076 255 1140 Vere
270 1100 349 1141 novo
362 1091 419 1141 est.
463 1076 552 1139 Tunc
566 1076 658 1138 berba
672 1076 778 1152 nitens,
793 1088 824 1136 et
835 1074 949 1137 roboris
960 1095 1074 1158 expers

173 1173 299 1257 Turget,
312 1188 343 1237 et
356 1175 479 1237 insolida
493 1188 549 1250 est,
564 1187 594 1236 et
608 1193 662 1256 spe
677 1173 806 1235 delectet
819 1185 979 1254 agrestem.

173 1271 283 1334 Omnia
297 1287 359 1334 tum
376 1272 499 1348 florent,
522 1271 687 1354 florumque
701 1270 847 1333 coloribus
862 1270 958 1333 almus
1088 1269 1135 1332 145

173 1368 266 1430 Ridet
280 1390 365 1450 ager:
389 1367 598 1450 neque-adbuc
614 1368 705 1430 virtus
720 1368 747 1430 in
759 1367 913 1430 ¹frondibus
923 1368 991 1431 ulla
1000 1381 1060 1431 est.

173 1464 293 1527 Transit
307 1465 336 1526 in
350 1464 509 1542 AEstatom,
526 1477 591 1548 post
607 1464 680 1542 Ver,
693 1465 838 1528 robustior
853 1466 979 1528 Anum:

174 1560 286 1646 Fitque
302 1563 403 1625 valens
412 1561 550 1646 juvenis:
573 1584 671 1647 neque
686 1563 765 1625 enim
780 1563 925 1625 robustior
939 1577 1012 1627 atas

173 1659 256 1737 Ulla,
270 1683 327 1723 nec
341 1662 469 1737 uberior,
483 1682 551 1738 nee,
567 1683 630 1744 quae
646 1660 739 1742 magis
754 1674 866 1738 aestuet,
881 1661 943 1725 ulla
956 1675 1015 1724 eet.

174 1759 298 1843 Excipit
312 1762 493 1838 Autumnus,
509 1761 604 1844 posito
615 1760 729 1823 fervore
741 1760 872 1845 juvente
1085 1762 1136 1824 ,150

174 1856 321 1936 MaturuS,
335 1859 484 1942 mitisque,
499 1859 574 1920 inter
583 1858 786 1943 juvenemque
801 1880 966 1945 senemque

175 1955 336 2040 Temperie
351 1957 475 2035 mediuS,
490 1957 596 2039 sparsis
611 1978 665 2039 per
678 1969 813 2039 tempora
826 1957 919 2020 canis.

175 2053 248 2116 Inde
263 2055 362 2116 senilis
378 2053 484 2116 Hiems
498 2055 624 2116 tremulo
639 2055 719 2116 venit
734 2054 850 2116 horrida
866 2074 974 2137 peseu3

175 2152 239 2212 Aut
253 2151 377 2233 spoliata
391 2172 472 2228 suos,
486 2164 546 2227 aut,
562 2173 635 2234 quos
650 2152 750 2228 babet,
765 2152 830 2214 alba
843 2153 979 2234 capillos.

176 2245 285 2308 Nostra
300 2268 417 2330 quoque
433 2249 563 2330 ipsorum
578 2269 705 2330 semper,
720 2249 880 2332 requieque
894 2250 959 2313 sine
974 2251 1048 2329 ulla,
1091 2247 1140 2312 155

176 2342 311 2428 Corpora
325 2358 494 2408 vertuntur:
517 2367 584 2422 nec,
599 2347 679 2429 quod
694 2346 850 2423 fuimusve,
866 2369 1019 2427 sumusve,

176 2441 251 2506 Cras
267 2444 385 2504 erimus.
430 2442 530 2506 Jacuit
545 2444 640 2526 primb
655 2444 716 2505 sine
732 2444 841 2506 viribus
856 2443 950 2507 inians

174 2538 253 2602 Mox
268 2539 445 2623 quadrupes,
460 2541 575 2623 rituque
591 2541 656 2602 tulit
670 2562 723 2603 sua
736 2542 868 2604 membra
883 2540 1031 2608 serarum:

176 2634 382 2720 Paulatimque
397 2648 537 2713 tremens,
552 2650 583 2699 et
597 2638 728 2700 nondum
743 2639 855 2722 poplite
869 2639 955 2702 firmo

176 2733 326 2811 Constitit,
343 2733 447 2819 adjutis
463 2734 561 2818 aliquo
575 2735 729 2797 conamine
744 2736 851 2798 nervis.
1094 2737 1146 2800 160

175 2831 249 2894 Inde
267 2833 367 2896 velens
382 2835 530 2918 veloxque
546 2831 616 2894 suit:
639 2833 825 2917 spatiumque
837 2831 970 2917 juvente

175 2929 314 2992 Transit:
338 2946 378 3008 et,
394 2932 520 2995 emensis
535 2931 624 2994 medii
640 2952 757 3014 quoqne
772 2929 912 3013 temporis
929 2931 1025 3009 annis,

177 3024 300 3087 Labitur
313 3029 441 3090 occiduae
457 3050 511 3111 per
524 3031 579 3091 iter
591 3029 705 3091 declive
720 3041 857 3092 senecta.

178 3122 297 3184 Subruit
311 3123 374 3184 baec
389 3126 442 3186 aevi
458 3126 672 3209 demoliturque
687 3125 789 3208 prioris

176 3219 315 3283 Robora:
339 3221 450 3302 detque
465 3220 561 3283 Milon
576 3223 681 3300 senior,
696 3224 765 3286 clun
780 3235 896 3304 spectet
910 3223 1013 3286 inanes
1095 3224 1153 3286 165

176 3318 257 3395 lllos,
272 3319 323 3402 qui
337 3317 451 3380 fuerant
465 3318 624 3381 solidorum
639 3321 717 3383 mole
733 3335 863 3384 tororum

177 3415 334 3479 Herculeis
347 3417 468 3493 simileS,
483 3415 589 3478 fluidos
604 3418 734 3499 pendere
749 3420 885 3482 lacertos.

176 3510 247 3575 Flet
262 3535 390 3598 quoque,
404 3526 438 3577 ut
452 3515 481 3578 in
496 3515 618 3598 speculo
632 3537 719 3597 rugas
732 3517 871 3599 adspexit
885 3517 989 3596 aniles,
