2356 4110
478 115 587 166 LIBER
602 116 677 167 xm.

106 262 240 331 Prodere:
263 281 295 329 et
310 266 415 331 edidici
429 266 500 350 quid
514 266 627 350 perfida
639 265 732 350 ijs
746 281 872 350 peraret.

103 364 199 429 Omnia
213 365 390 448 cogndram:
413 384 480 442 nec,
496 364 575 448 quod
589 364 766 447 specularer,
779 365 945 432 bmehnm:

101 461 205 541 Etiam
221 462 375 548 praemissi
390 476 523 546 poteram
533 484 606 524 oum
620 462 709 525 laude
723 465 840 528 reverti.

99 559 181 624 Haud
196 576 351 624 contentus
367 560 413 638 eri,
429 560 501 643 petii
516 560 642 622 tentoria
657 559 764 639 Rhesi,

97 657 184 744 Inque
200 660 260 721 suis
274 660 371 743 ipsum
385 657 486 720 castris
500 658 684 740 comitesque
699 659 822 740 peremi.
999 664 1067 725 250

97 758 192 841 Atque
208 758 249 819 ita
263 757 382 841 captivo
398 756 490 818 victor
506 756 639 839 notisque
654 757 775 838 potitus,

98 854 242 936 Ingredior
255 876 341 917 curru
357 854 438 916 laetos
454 853 586 916 imitante
601 854 784 937 triumphos;

99 951 186 1038 Cujus
201 973 294 1038 equos
309 952 437 1035 pretium
451 973 507 1034 pro
521 965 608 1013 nocte
625 965 799 1034 poposcerat
813 953 916 1016 hostis.

101 1050 184 1112 Arma
197 1063 305 1131 negate
317 1049 391 1112 mihi
404 1071 410 1111 :
434 1048 578 1132 fueritque
593 1048 746 1130 benignior
759 1049 853 1134 Ajax.

137 1147 218 1220 Quid
232 1147 321 1230 Lycii
336 1145 461 1209 reseram
476 1146 654 1229 Sarpedonis
670 1147 785 1229 agmina
799 1146 875 1210 ferro
1004 1151 1067 1212 255

104 1243 255 1307 Devastata
269 1247 359 1306 meo?
382 1243 463 1306 Cum
475 1243 571 1305 multo
586 1246 726 1326 sanguine
741 1244 802 1307 fudi

105 1339 254 1419 Coeranon,
268 1341 465 1424 Hippasiden‚
481 1355 511 1402 et
525 1341 732 1425 Alastoraque,
749 1341 994 1427 Chromiumque,

107 1437 344 1523 Alcandrumque,
361 1437 553 1522 Haliumque,
569 1437 795 1522 Noemonaque,
810 1438 1024 1524 Prytaninque,

109 1533 254 1621 Enitioque
271 1537 338 1599 dedi
353 1559 424 1599 cum
436 1535 686 1600 Chersidamante
701 1537 840 1613 Thoona,

109 1630 140 1694 Et
151 1635 322 1718 Charopen,
336 1633 461 1717 fatisque
476 1635 636 1697 immitibus
651 1634 810 1699 Ennomon
826 1648 945 1698 actum:
1004 1636 1069 1697 260

110 1728 213 1819 Quique
228 1733 325 1797 minds
338 1732 474 1795 celebres
485 1733 588 1794 ,nostrie
602 1733 657 1794 sub
670 1732 819 1794 moenibus
832 1732 912 1794 urbis

62 1882 64 1889 .
110 1824 283 1893 procubuere
298 1852 398 1893 manu.
442 1829 519 1893 Sunt
532 1843 564 1892 et
578 1831 650 1892 mihi
664 1831 797 1906 vulnera,
810 1829 904 1907 cives,

62 1976 64 1983 .
110 1919 163 2007 lpso
176 1928 300 2010 pulchra
314 1928 397 1990 loco:
420 1949 477 1990 nec
492 1928 574 1990 ranis
588 1927 699 1991 credite
717 1928 832 1991 verbis:

62 2010 64 2049 :
109 2020 226 2106 Aspicite
242 2046 280 2086 cn
294 2025 316 2088 l'
342 2023 531 2150 (pestemque
543 2047 634 2088 ,manu
650 2025 776 2136 diducit)
792 2041 835 2105 et,
848 2024 944 2090 ‘Hoec
959 2041 1027 2091 sum

62 2118 65 2157 l

108 2116 219 2183 Pectora
233 2122 373 2206 semper,'
389 2122 440 2199 ait,
452 2129 461 2159 ‘
474 2123 576 2184 vestris
590 2124 722 2186 exercita
735 2125 832 2186 rebus.
1004 2126 1069 2187 265

62 2215 140 2279 At
151 2220 218 2281 nihil
236 2219 382 2303 impendit
396 2241 450 2302 per
463 2233 507 2285 tot
521 2219 714 2285 Telamonius
729 2243 821 2284 annos

62 2312 64 2377 l
106 2311 271 2398 Sanguinis
265 2339 293 2378 rn
309 2317 424 2379 socios:
447 2330 478 2380 et
493 2317 618 2381 habet'
595 2340 659 2381 srne
673 2319 794 2382 uulnere
808 2341 927 2404 corpus.

137 2412 218 2487 Quid
236 2427 335 2475 tamen
351 2415 408 2477 hoc
424 2413 562 2492 resert,s1
576 2437 609 2478 se
623 2439 677 2500 pro
691 2417 795 2480 classe
799 2417 930 2500 PelasgA

105 2508 185 2572 Arma
200 2510 301 2572 tulisse
315 2510 404 2575 refert
417 2525 519 2574 contra
533 2511 687 2597 Troasque
702 2514 893 2596 lovemque?

104 2603 316 2691 Confiteorque,
331 2610 416 2671 tulit:
440 2612 630 2694 nequeenim
645 2612 723 2672 bene
738 2609 815 2672 lacta
828 2609 957 2691 maligne
1008 2614 1072 2674 270

104 2701 270 2768 Detrectare
287 2728 387 2768 meum
404 2721 466 2768 est:
490 2707 543 2770 sed
558 2729 613 2769 neo
628 2707 796 2770 communia
812 2706 890 2770 solus

103 2799 242 2886 Occupet,
259 2817 347 2887 atque
362 2804 490 2887 aliquem
506 2806 587 2868 vobis
603 2827 721 2889 quoque
736 2805 839 2868 reddat
854 2806 1007 2871 honorem.

104 2895 217 2982 Repulit
233 2901 401 2978 Actorides,
416 2903 470 2964 sub
486 2903 611 2984 imagine
627 2916 706 2965 tutus
722 2904 861 2981 Achilhs,

62 3080 64 3085 Α
104 2994 188 3061 Triias
203 3001 241 3061 ab
258 3000 364 3062 arsuris
378 3021 448 3062 cum
463 2999 616 3061 defensore
631 3001 747 3063 carinis.

104 3095 209 3158 Ausum
226 3097 317 3159 etiam
332 3095 486 3159 Hectoreo
501 3096 595 3158 solum
610 3119 783 3162 concurrere
799 3098 890 3162 Marti
1010 3100 1073 3160 275

101 3190 133 3254 Se
147 3209 241 3278 putat,
258 3194 367 3256 oblitus
381 3195 528 3278 regisque,
540 3193 723 3279 ducumque,
737 3195 875 3279 meique;

62 3342 64 3387 i
100 3286 194 3356 Nonus
210 3294 238 3356 in
262 3293 372 3370 officio,
388 3306 419 3354 et
432 3292 569 3374 prelatus
580 3313 705 3357 munere
720 3292 814 3355 sortis.
