2356 4110
104 313 167 374 150
418 315 764 367 uernuoaruosnou

102 466 143 531 Et
158 467 341 531 Diomedeos
356 467 469 529 AEneas
484 466 598 548 fugerat
612 485 709 526 enses.

100 565 224 627 Talibus
239 566 316 627 hanc
332 564 462 646 genitor:
487 563 576 625 ‘Sola
591 561 788 645 insuperabile
804 561 909 638 latum,
1020 565 1081 626 260

100 661 190 739 Nata,
205 683 325 725 movere
341 663 447 745 paras?
469 661 559 723 intres
573 660 644 722 lic'et
659 659 723 742 ipsa
738 658 880 720 Sororum

100 759 198 824 Tecta
212 761 311 837 trium,
327 782 430 823 cernes
445 758 503 822 illic
519 758 669 822 molimine
685 769 768 818 vasto

104 856 151 920 Ex
168 879 235 935 aere,
250 872 280 920 et
294 857 387 920 solido
401 879 499 920 rerum
514 855 655 919 tabularia
669 854 762 916 semo:

103 953 179 1029 Quae
194 976 293 1038 neque
307 977 483 1017 concursum
497 953 576 1030 ooeli,
591 973 689 1036 neque
705 951 833 1014 fulminis
848 951 934 1030 iram,

101 1051 168 1115 Nec
182 1067 319 1116 metuunt
333 1054 406 1115 ullas
421 1066 484 1115 tuta
500 1065 587 1135 atque
604 1064 712 1112 aetema
725 1049 834 1112 ruinas.
1017 1053 1074 1114 265

100 1149 238 1213 Invenies
254 1151 312 1212 illio
327 1151 418 1212 incisa
433 1150 588 1211 adamante
604 1147 727 1231 perenni

101 1247 177 1310 Fata
190 1249 233 1310 tui
247 1247 380 1329 generis:
403 1247 462 1328 legi
477 1247 551 1330 ipse,
566 1246 723 1329 animoque
738 1244 849 1322 notavi,

100 1344 142 1406 Et
156 1344 296 1407 reseram:
321 1366 358 1406 ne
373 1344 411 1406 sis
426 1344 586 1405 etiamnum
601 1344 700 1425 ignara
717 1341 817 1404 suturi.

100 1440 159 1504 Hic
174 1464 227 1503 sua
241 1442 402 1525 complevit
420 1440 489 1527 (pro
506 1463 575 1524 quo,
591 1440 755 1523 Cytherea,
770 1438 901 1524 laboras)

99 1538 263 1622 Tempora,
279 1538 427 1622 persentis,
443 1560 515 1622 quos
529 1552 612 1601 terrae
628 1539 739 1615 debuit,
755 1538 848 1600 annis.
1014 1540 1070 1600 am

99 1635 144 1699 Ut
158 1637 232 1698 deus
247 1637 369 1700 accedat
383 1636 471 1713 ooelo,
488 1636 664 1718 templisque
679 1635 803 1712 colatur,

99 1733 150 1794 Tu
165 1733 267 1811 sanies,
281 1748 426 1817 natusque
442 1755 521 1810 suus,
538 1733 587 1816 qui
602 1732 727 1794 nominis
744 1733 847 1810 haeres,

99 1830 275 1915 Impositum
292 1832 366 1894 leret
380 1831 470 1895 Urbis
485 1853 569 1908 ouuS,
585 1831 711 1914 caesique
727 1831 858 1914 parentis

100 1927 164 1992 Nos
179 1929 207 1992 in
222 1931 301 1992 bella
314 1952 382 1993 suos
398 1929 568 1992 fortissimus
583 1928 659 1990 ultor
673 1928 804 1990 habebit.

99 2025 180 2089 Illius
195 2028 332 2111 auspiciis
346 2029 471 2090 obsessa
488 2027 599 2089 moenia
614 2047 720 2108 pacem
1012 2025 1069 2088 275

100 2122 191 2186 Victa
206 2138 310 2207 petent
324 2123 466 2186 Mutina:
488 2123 641 2186 Pharsalia
656 2123 762 2185 sentiet
777 2123 870 2200 illum,

99 2220 311 2304 AEmathialque
326 2220 431 2282 itemm
445 2219 599 2283 madefacti
615 2221 697 2282 caedc
711 2219 862 2302 Philippi:

100 2315 142 2378 Et
157 2315 304 2399 Magnum
320 2317 425 2380 Siculis
441 2339 548 2380 nomen
561 2317 746 2400 superabitur
756 2317 859 2379 undis:

99 2413 289 2498 Romanique
306 2414 388 2477 ducis
403 2415 514 2500 conjux
529 2415 683 2498 AEgyptia,
699 2414 781 2476 taedae

99 2509 168 2571 Non
183 2512 260 2572 bene
275 2513 337 2587 fisa,
352 2513 456 2574 cadet:
480 2511 642 2594 frustraque
658 2512 712 2574 erit
727 2511 775 2573 illa
790 2512 911 2588 minata,
1013 2511 1069 2572 280

99 2606 252 2669 Servitura
265 2629 318 2670 suo
334 2607 481 2691 Capitolia
498 2622 595 2670 nostra
611 2608 749 2691 Canopo,

99 2703 184 2778 Quid
199 2704 250 2768 tibi
265 2705 450 2783 Barbariem‚
466 2721 568 2789 gentes
583 2708 619 2768 ab
634 2695 758 2789 utruque
769 2707 904 2791 jacentes

98 2803 233 2881 Oceano,
248 2808 423 2868 numerem?
469 2804 679 2887 Quodcunque
694 2805 852 2866 habitabile
868 2805 958 2866 tellus

98 2901 239 2978 Sustinet,
256 2904 341 2988 hujus
357 2905 427 2967 erit:
452 2918 559 2987 pontus
575 2923 693 2986 quoque
708 2903 815 2964 serviet
830 2902 882 2964 illi.

98 2997 179 3060 Pace
195 2998 264 3059 data
278 3002 370 3077 terris,
386 3001 515 3062 animum
531 3002 569 3062 ad
582 2999 678 3062 civilia
701 3013 796 3061 vertet
1012 3001 1072 3062 285

97 3093 117 3155 J
119 3114 170 3155 ura
184 3114 281 3170 suum,
296 3096 436 3179 legesque
452 3095 526 3158 seret
536 3097 711 3180 justissimus
726 3110 844 3159 auctor:

98 3190 309 3274 Exemploque
323 3213 377 3253 suo
391 3213 488 3253 mores
502 3206 601 3273 reget:
624 3194 714 3277 inque
730 3192 817 3254 suturi
919 3194 922 3202 '

97 3287 255 3372 Temporis
271 3302 397 3366 atatem,
413 3302 660 3373 venturommque
675 3303 831 3373 nepotum,

97 3384 295 3469 Prospiciens,
312 3386 424 3469 prolem
439 3385 542 3446 sancta
556 3385 594 3446 de
609 3385 735 3472 conjuge
751 3402 851 3450 natam

97 3479 190 3544 Ferre
205 3484 291 3545 simul
306 3504 473 3568 nomenque
488 3503 575 3546 suum
589 3506 733 3569 curasque
744 3485 872 3570 jubebit.
1011 3489 1077 3551 290
