2370 4110
445 307 553 360 ulnus
568 307 627 359 XV.
971 301 1034 362 1⁴19

56 454 140 519 Cum
153 453 273 519 lunone
289 455 391 539 magis.
435 454 521 529 Quid
535 478 614 521 nunc
628 458 750 542 antiqua
761 459 899 523 recorder

56 553 178 617 Damna
193 554 252 617 mei
267 554 404 637 generis?
424 554 512 618 timor
525 553 575 619 bic
588 556 760 619 meminisse
772 556 902 640 priorum

56 650 127 714 Non
142 651 220 714 sinit.
266 650 302 714 In
317 672 367 715 me
381 652 447 715 acui
461 652 618 716 sceleratos
632 653 750 718 cernitis
765 674 869 732 enses;

56 747 145 821 Quos
160 749 326 832 prohibete,
341 770 463 833 precor3
485 748 656 833 facinusque
670 750 821 834 repellite:
844 771 921 817 nene
969 754 1036 816 2³ss

56 845 151 909 Crede
166 847 325 910 sacerdotis
340 846 474 909 dammas
488 847 668 928 exstinguite
684 847 807 912 Vesta?

98 943 187 1006 Talia
201 944 399 1029 nequicquam
412 957 475 1006 toto
490 943 596 1006 Venus
610 945 699 1008 anxia
711 946 791 1009 cmln

57 1038 159 1104 Verba
178 1040 261 1126 jacit,
275 1062 457 1126 superosque
472 1055 585 1105 movet.
630 1041 694 1115 Qui
708 1065 848 1127 rmnpere
863 1065 1031 1128 qumquam

55 1138 169 1201 Ferrea
183 1161 243 1202 non
258 1151 381 1223 possunt
395 1153 531 1202 veterum
545 1139 666 1203 decreta
680 1140 831 1219 Sororum,

55 1236 147 1319 Signa
162 1249 261 1300 tamen
276 1236 373 1299 luctris
387 1236 458 1299 dant
473 1236 551 1299 haud
566 1237 677 1300 incerta
691 1237 789 1301 listun'.
970 1240 1033 1302 235

98 1334 193 1396 Arrna
208 1333 304 1397 lerunt
318 1333 394 1397 inter
406 1333 503 1416 nigras
516 1335 690 1417 crepitantia
703 1336 808 1414 nubes,

54 1430 276 1517 Terribilesque
290 1432 386 1508 tubas,
402 1431 559 1516 auditaque
574 1453 684 1495 cornua
697 1433 777 1497 coelo

54 1527 271 1593 Praemonuisse
285 1529 378 1593 nefas.
422 1529 532 1593 Phoebi
547 1550 665 1614 quoque
679 1530 768 1594 tristis
782 1533 880 1613 imago

55 1627 168 1689 Lurida
182 1627 311 1689 sollicitis
327 1627 477 1711 prebebat
490 1626 603 1690 lumina
616 1626 709 1690 terris.

55 1723 143 1807 Saepe
158 1722 238 1787 faces
253 1723 321 1786 risae
337 1724 440 1786 mediis
454 1724 556 1788 ardere
572 1724 627 1787 sub
641 1724 742 1788 astris:
969 1726 1038 1788 240

56 1821 143 1905 Saepe
159 1823 235 1883 inter
248 1822 363 1884 nimbos
379 1834 467 1903 gutta
482 1822 618 1884 cecidere
634 1835 774 1885 cruente.

55 1917 191 1981 Coemlus
206 1932 237 1979 et
252 1919 366 1980 vultum
382 1918 528 2000 ferrugine
543 1917 664 1981 Lucifer
677 1920 741 1983 atria

55 2016 182 2099 Sparsus
197 2029 276 2078 erat:
299 2016 392 2098 sparsi
406 2015 540 2078 Lunares
554 2015 696 2097 sanguine
710 2037 823 2078 currus.

54 2112 165 2176 Tristia
179 2115 260 2176 mille
274 2114 346 2176 locis
361 2113 483 2196 Stygius
497 2112 579 2177 dedit
593 2114 692 2178 omina
705 2115 802 2177 bubo:

58 2211 141 2274 Mille
157 2211 228 2274 locis
239 2211 413 2294 lacrymavit
423 2212 513 2275 ebur:
536 2226 699 2296 cantusque
710 2211 841 2275 seruntur
968 2213 1036 2274 245

57 2309 171 2384 Auditi,
186 2309 293 2371 sanctis
308 2321 337 2371 et
352 2308 442 2371 verba
455 2309 580 2373 minacia
594 2310 678 2372 lucis.

60 2403 188 2468 Victima
202 2406 282 2468 nulla
296 2406 376 2468 litat:
401 2428 581 2491 magnosque
596 2407 703 2469 instare
717 2408 861 2470 tumultus

55 2500 147 2566 Fibra
161 2516 280 2580 mnnet3
302 2524 471 2587 casumque
485 2517 574 2586 caput
588 2503 733 2587 reperitur
745 2504 776 2566 in
791 2505 878 2568 extis.

56 2599 151 2684 lnque
167 2600 239 2677 soro,
254 2601 425 2684 circumque
440 2601 554 2677 domos,
570 2614 601 2664 et
615 2602 726 2685 templa
742 2602 864 2665 deorum

56 2696 225 2760 Nocturnus
239 2698 368 2761 ululesse
383 2718 489 2774 canes;
512 2698 689 2782 umbrasque
703 2698 841 2760 silentdm
969 2701 1033 2761 250

56 2795 209 2857 Erravisse
224 2793 330 2871 ferunt,
345 2808 515 2878 motamque
530 2795 705 2858 tremoribus
719 2794 834 2856 urbem.

55 2891 126 2954 Non
141 2907 240 2954 tamen
256 2892 383 2969 insidias,
398 2904 581 2974 venturaque
595 2891 714 2953 vincere
729 2889 788 2952 sata

55 2989 251 3051 Premonitus
265 2990 390 3072 potuere
406 2987 513 3050 debm:
536 2986 686 3070 strictique
702 2985 833 3049 semntur

55 3085 89 3148 ln
105 3087 251 3169 templum
266 3086 372 3168 gladii:
395 3105 492 3167 neque
507 3083 587 3146 enim
601 3083 683 3147 locus
697 3083 774 3146 ullus
789 3083 819 3146 in
833 3081 918 3147 Urbe

55 3183 106 3245 Ad
123 3181 245 3259 lacinus,
262 3182 412 3266 diramque
428 3181 535 3264 placet,
550 3180 605 3242 nisi
621 3178 723 3258 Curia,
737 3181 861 3244 cedem.
968 3182 1033 3243 255

98 3279 180 3342 Tum
197 3279 268 3340 verb
283 3278 437 3362 Cytherea
451 3299 540 3340 manu
555 3278 699 3362 percussit
712 3279 837 3363 utrique

54 3375 185 3439 Pectus:
208 3391 239 3439 et
254 3374 382 3440 aethered
394 3376 512 3439 molitur
524 3376 651 3439 condere
665 3376 756 3454 nube,

54 3473 131 3548 Qut
143 3474 226 3558 priris
240 3472 348 3538 infesto
362 3472 446 3537 Paris
460 3486 506 3537 est
520 3486 640 3557 ereptus
653 3472 777 3550 Atride,

360 3571 428 3634 13*

1044 3474 1121 3874 l
