2370 4110
152 297 217 362 182
551 302 707 353 emma.

151 454 311 518 Successor
324 453 378 518 fuit
390 455 438 517 blc
453 453 516 531 tibi,
529 450 639 530 Gall03
660 452 832 536 Propertius
845 452 899 516 illi.

194 552 327 625 Quartus
342 553 380 614 ab
393 553 438 614 his
453 552 528 614 serie
542 551 683 635 temporis
698 551 762 634 ipse
777 550 829 613 fui.

151 649 254 734 thue
270 672 326 731 ego
340 650 477 734 majores,
492 649 534 710 sic
548 669 598 710 me
612 649 732 710 colubro
746 649 891 711 minores:
1091 653 1131 713 55

193 747 332 831 Notaque
347 769 406 809 uon
421 745 504 808 tarde
520 744 598 808 sacta
610 745 722 807 Thalia
737 766 806 807 mea
818 759 875 808 est.

150 842 295 907 Gannina
308 847 378 906 clrm
393 844 522 928 primirm
536 843 648 926 populo
659 841 802 927 juvenilia
815 843 893 925 legi3

192 941 293 1004 Barba
307 956 421 1004 resecta
436 941 508 1003 mihi
522 941 605 1002 bisve
620 940 751 1002 semelve
768 939 833 1002 luit.

151 1039 290 1102 Moverat
304 1041 464 1121 ingenium,
480 1052 572 1100 totam
587 1050 703 1099 cantata
718 1058 773 1120 per
786 1037 912 1116 Urbem,

193 1136 322 1199 Nomine
337 1159 396 1199 non
412 1158 482 1198 vero
496 1136 575 1198 dicta
590 1135 722 1202 Corinna
742 1135 825 1197 mibi.
1088 1140 1129 1200 60

151 1233 248 1296 Multa
263 1234 383 1318 quidem
396 1234 517 1316 scripsi:
541 1233 594 1308 sed
609 1255 672 1316 que
689 1233 793 1295 vitiosa
808 1233 920 1316 putavi,

194 1331 403 1393 Emendaturis
416 1331 531 1412 ignibus
546 1331 609 1413 ipse
624 1329 705 1392 dedi.

151 1427 232 1491 Tum
248 1450 376 1512 quoque,
391 1429 461 1491 cium
477 1427 620 1510 fugerem,
636 1427 770 1512 quedam
785 1428 928 1512 placitura
940 1432 1085 1507 cremavi,

193 1525 287 1589 Iratus
302 1527 398 1589 studio
413 1526 647 1609 carminibusque
670 1527 755 1588 meis.

151 1622 256 1702 Molle,
272 1624 447 1709 Cupidineis
461 1646 518 1687 nec
533 1624 761 1706 inexpugnabile
775 1623 851 1687 telis·
1087 1627 1128 1688 65

192 1723 256 1786 Cor
269 1723 351 1800 mihi,
368 1723 505 1806 quodque
520 1722 593 1783 levis
607 1742 698 1782 causa
711 1734 855 1798 moveret,
870 1734 943 1786 emt.

148 1819 232 1883 cnm
247 1834 347 1882 tamen
362 1821 419 1883 hoc
435 1841 543 1896 essem,
558 1819 740 1902 minimoque
756 1819 934 1881 accenderer
948 1819 1010 1902 igni
1019 1841 1030 1898 3

192 1917 321 1981 Nomine
336 1919 391 1980 sub
405 1931 504 1980 nostro
518 1916 617 1980 fabula
630 1916 711 1978 nulla
725 1914 789 1978 fuit.

149 2014 235 2078 Pene
253 2017 324 2079 mihi
340 2038 433 2099 puero
447 2038 504 2078 nec
519 2016 617 2096 digna,
632 2035 689 2076 nec
703 2014 792 2091 utilis,
806 2036 884 2092 uxor

192 2112 248 2174 Est
263 2112 347 2175 data:
372 2136 435 2197 quae
451 2127 569 2196 tempus
584 2112 728 2195 perbreve
742 2126 837 2195 nupta
851 2111 915 2175 suit.
1086 2120 1130 2178 70

149 2209 196 2272 Illi
211 2212 362 2287 successit,
379 2211 512 2295 quamvis
527 2211 590 2272 sine
605 2209 736 2287 crimine,
749 2210 880 2295 conjux;

191 2307 262 2370 Non
276 2322 376 2370 tamen
391 2309 421 2370 in
436 2322 535 2371 nostro
549 2308 632 2370 firma
646 2307 743 2370 lutura
757 2320 832 2370 toro.

149 2406 272 2485 Ultima,
289 2428 352 2490 quae
367 2429 486 2469 mecum
501 2428 580 2469 seros
595 2406 754 2489 permansit
768 2406 798 2468 in
812 2427 915 2484 anuos,

192 2502 335 2564 Sustinuit
349 2500 460 2586 conjux
475 2502 585 2563 exsulis
600 2521 666 2562 esse
682 2501 746 2562 viri.

148 2597 226 2661 Filia
240 2620 289 2660 me
304 2619 372 2659 mea
385 2598 429 2659 bis
444 2597 539 2680 primd
553 2595 692 2659 foecunda
702 2596 840 2681 juventi,

191 2695 253 2758 Sed
268 2717 326 2758 non
342 2717 382 2757 ex
397 2717 457 2757 uno
471 2693 609 2780 conjuge,
625 2693 695 2757 fecit
709 2716 809 2758 avum.

148 2792 191 2857 Et
201 2793 264 2879 jam
278 2794 443 2877 complerat
457 2793 571 2876 genitor
585 2814 638 2856 sua
653 2792 729 2870 lata3
751 2815 920 2883 novemque

193 2893 355 2955 Addiderat
369 2892 466 2955 lustris
481 2890 573 2954 altera
586 2892 678 2953 lustra
691 2913 811 2953 novem.

149 2989 219 3053 Non
234 2991 317 3052 aliter
331 2991 412 3069 flevi,
428 2991 518 3076 quam
532 3011 582 3053 me
598 2989 720 3052 fleturus
737 2990 910 3072 ademptum

191 3088 245 3150 Ille
261 3086 324 3150 suit.
368 3087 459 3150 Matri
474 3088 609 3170 proxima
620 3086 701 3172 justa
716 3087 780 3149 tuli.
1086 3090 1128 3153 80

148 3184 267 3249 Felices
282 3186 380 3263 ambo,
394 3184 634 3268 tempestiveque
649 3184 768 3267 sepulti,

191 3285 272 3346 Ante
288 3284 366 3345 diem
381 3303 477 3365 poenae
493 3282 572 3366 qudd
588 3282 702 3364 periere
717 3283 809 3346 meae!

149 3379 203 3444 Me
219 3401 336 3464 quoque
352 3376 479 3456 felicem,
495 3379 575 3463 qubd
590 3401 649 3441 non
664 3380 833 3443 viventibus
847 3381 903 3443 illis

191 3476 268 3540 Sum
279 3476 385 3553 miser3
407 3476 490 3538 etde
504 3497 553 3539 me
568 3476 649 3562 qubd
665 3477 786 3541 doludre
800 3477 890 3540 nibil!

101 3782 229 3864 ’ἱ
