2356 4110
499 329 607 378 LIBER
623 330 670 380 IX.

112 476 189 542 Haud
203 479 284 542 aliter
298 478 438 561 graditur,
454 478 543 562 quiam
557 479 581 542 si
597 481 743 544 venabula
757 482 836 563 tigris

54 604 56 644 ε
111 574 230 660 Corpore
244 578 304 639 fixa
319 589 412 660 gerat,
427 575 556 660 factique
571 576 710 660 refugerit
724 594 835 642 auctor.

54 668 57 759 i
108 672 180 758 Saepe
195 675 278 738 illum
293 675 419 757 gemitus
436 675 587 752 edentem,
601 698 679 760 saepe
695 676 879 756 frementem,
1029 687 1072 748 '10

54 764 57 852 ζ
105 771 180 856 Saepe
195 768 392 836 retentantem
406 787 483 836 totas
497 773 654 856 infringere
671 779 779 852 vestes,

54 928 56 957 ᾖ
103 869 343 955 Stementemque
357 873 470 948 trabes,
480 872 715 956 irascentemque
731 875 846 936 videres

54 964 56 1011 i
100 966 258 1046 Montibus,
272 983 323 1031 aut
337 970 431 1052 patrio
445 970 618 1031 tendentem
633 971 754 1032 brachia
767 972 856 1034 coelo.

134 1071 300 1133 Arboribus
313 1071 405 1148 casis,
421 1091 493 1154 quas
508 1071 599 1133 ardua
613 1085 744 1152 gesserat
759 1071 846 1150 OEte,

99 1165 185 1251 Inque
200 1189 309 1251 pyram
323 1168 449 1244 stmctis,
465 1189 549 1230 arcus
564 1168 791 1253 pharetramque
807 1192 960 1254 capacem,
1028 1177 1071 1238 75

99 1262 261 1349 Regnaque
277 1266 387 1328 visuras
402 1266 507 1328 iterum
523 1264 653 1350 Trojano
667 1268 796 1349 sagittas,

98 1360 182 1426 Fene
194 1362 285 1448 jubes
299 1362 420 1426 Paeante
435 1377 548 1426 satum:
573 1386 632 1447 quo
647 1364 767 1427 flamma
781 1367 913 1430 ministro

98 1457 234 1522 Subdita:
258 1461 389 1544 dumque
404 1462 496 1524 avidis
510 1462 730 1544 comprenditur
744 1464 858 1545 ignibus
874 1487 963 1549 agger
971 1489 980 1546 3

98 1558 275 1640 Congeriem
290 1558 369 1620 silvae
384 1557 414 1621 N
416 1580 527 1622 emeaeo
542 1559 652 1622 vellere
669 1581 814 1623 sununam

98 1654 221 1718 Stemis:
247 1670 278 1718 et
293 1656 429 1740 impositi
444 1657 535 1720 clavae
550 1658 666 1719 cervice
682 1659 839 1736 recumbis,
1028 1664 1071 1726 80

98 1752 181 1817 Hand
197 1754 258 1816 alio
272 1755 365 1831 vultu,
381 1755 470 1838 quarn
484 1755 508 1817 si
522 1756 648 1818 conviva
659 1755 785 1840 jaceres,

99 1850 170 1915 Inter
184 1853 276 1935 plena
291 1853 364 1914 meri
378 1853 529 1915 redimitus
544 1854 652 1936 pocula
665 1854 760 1915 sertis.

131 1949 264 2034 Jamque
280 1951 392 2027 valens,
407 1951 481 2013 etin
495 1973 583 2014 omne
598 1952 674 2014 latus
690 1952 795 2014 diffusa
809 1953 941 2031 sonabat,

79 2053 80 2056 ’
100 2045 281 2132 Securosque
296 2061 384 2125 artus,
398 2062 693 2134 contemptoremque
708 2050 830 2133 petebat

100 2141 231 2207 Flamma
245 2167 342 2208 suum.
386 2145 530 2209 Timndre
546 2148 593 2209 dei
609 2170 663 2231 pro
674 2147 790 2210 vindice
805 2162 898 2211 terrae.
1028 2151 1071 2214 85

101 2240 178 2314 Quos
193 2244 237 2305 ita
253 2242 359 2329 (sensit
375 2244 468 2328 enim)
485 2245 552 2307 laeto
568 2245 721 2308 Saturnius
736 2267 786 2308 ore

100 2337 209 2423 Jupiter
224 2342 398 2425 alloquitur:
423 2341 550 2405 ‘Nostra
565 2356 610 2405 est
624 2344 712 2405 timor
726 2343 780 2404 iste
796 2345 941 2427 voluptas,

101 2435 122 2497 0
137 2440 255 2523 superi:
279 2452 401 2523 totoque
416 2440 509 2503 libens
524 2441 596 2503 mihi
611 2453 731 2524 pectore
746 2454 852 2522 grator,

101 2533 186 2608 Quod
201 2537 341 2599 memoris
356 2538 459 2621 populi
474 2539 555 2600 dicor
568 2553 723 2622 rectorque
740 2552 898 2623 paterque:

102 2629 134 2695 Et
148 2657 218 2697 mea
233 2635 389 2718 progenies
405 2650 501 2698 vestro
516 2658 635 2720 quoque
650 2651 714 2700 tuta
727 2636 827 2700 favore
843 2652 898 2700 est.
1029 2641 1071 2702 90

102 2727 172 2793 Nam
188 2754 358 2815 quanquam
373 2733 463 2816 ipsius
479 2735 564 2796 datur
579 2736 636 2796 hoc
651 2735 826 2796 immanibus
841 2736 932 2812 actis3

101 2826 218 2911 Obligor
233 2831 296 2912 ipse
312 2842 422 2892 tamen.
467 2832 528 2893 Sed
544 2832 633 2910 enirn,
648 2854 685 2894 ne
701 2845 822 2915 pectora
836 2852 912 2892 vano

54 2914 56 2993 J
101 2921 170 2989 Fida
184 2940 269 2989 metu
284 2941 422 3010 paveant,
437 2929 551 2992 OEtaeas
566 2931 696 3013 spernite
711 2929 855 2990 flammas.

54 3024 56 3069 ἕ
102 3022 205 3088 Omnia
220 3026 270 3109 qui
286 3026 365 3103 vicit,
381 3027 489 3103 vincet,
506 3050 579 3112 quos
593 3028 722 3105 cernitis,
738 3027 832 3110 ignea,

102 3119 160 3185 Nec
174 3123 230 3186 nisi
245 3123 379 3186 materna
394 3123 563 3189 Vulcanum
578 3140 661 3210 parte
676 3140 829 3210 potentem
1030 3129 1071 3190 95

103 3219 220 3284 Sentiet.
266 3221 422 3286 AEtemum
440 3236 495 3301 est,
511 3245 529 3285 a
542 3245 591 3286 me
607 3225 685 3308 quod
700 3227 800 3302 traxit,
816 3239 846 3288 et
861 3245 980 3308 expers,

102 3317 196 3403 Atque
211 3321 343 3382 immune
358 3322 449 3400 necis,
464 3322 605 3405 nullaque
620 3322 765 3386 domabile
782 3323 911 3386 flamma.

102 3413 187 3501 ldque
203 3440 261 3502 ego
276 3419 447 3483 destructum
463 3419 541 3482 terrai
554 3421 724 3484 coeiestibus
738 3420 795 3483 oris

103 3515 263 3600 Accipiam,
277 3519 451 3603 cunctisque
465 3540 566 3582 meum
581 3519 704 3582 laetabile
720 3517 829 3580 sactum
