2356 4110
471 114 581 168 1181111
602 115 677 168 xttt.
1009 114 1070 175 119

115 257 182 328 Mille
194 277 279 349 patrat
291 263 397 349 plagis,
409 285 506 335 porus
521 278 566 330 est
580 286 732 333 successor
745 264 910 333 habendum.

142 361 290 446 Denique,
306 361 374 446 quid
390 362 487 426 uerbis
500 383 577 445 opus
589 364 659 426 est?
680 376 850 446 speetamur
860 365 1000 446 agenda:

106 457 189 521 Arma
203 460 257 522 viri
272 458 353 522 sortis
365 459 480 521 medios
495 460 647 521 mittantur
659 459 690 523 in
706 461 824 538 hostes3
1007 467 1064 527 121

103 553 167 617 lnde
179 555 284 640 jubete
298 557 379 640 peti:
404 570 434 618 et
448 555 625 622 referentem
640 571 741 626 ornate
757 559 875 625 relatis:

137 652 271 716 Finierat
285 654 450 721 Telamone
464 668 565 731 sstus;
589 655 726 738 vulgique
738 670 877 725 ,mutum

100 748 210 813 Ultima
222 772 354 816 mumrr
364 764 446 822 emt:
469 751 566 817 durree
581 751 717 815 laenius
732 753 818 815 heros

98 848 236 910 Adstitit:
258 862 346 932 atque
358 849 463 918 oculos
477 849 598 932 paulum
614 850 719 912 tellure
733 863 861 912 moratos
910 871 913 876 ·
1006 853 1066 919 ms

99 944 220 1008 Sustulit
231 946 271 1013 ad
287 967 445 1029 proceresr
467 960 700 1031 exspectatoque
713 947 834 1012 resolvit

98 1042 157 1106 Ora
170 1065 264 1113 sone:
284 1066 384 1128 raeque
397 1045 482 1115 abest
497 1044 628 1111 facundis
642 1045 734 1126 gratia
748 1045 841 1108 dietis.

133 1149 145 1178 ⁴
158 1141 191 1203 Si
207 1163 275 1209 mea
285 1162 357 1210 erim
372 1143 475 1211 vestris
489 1142 648 1205 valuissent
664 1156 742 1219 vota,
757 1141 888 1224 Pelasgi,

98 1223 163 1289 Non
178 1225 254 1288 soret
265 1227 423 1309 ambiguus
436 1228 507 1290 tanti
521 1227 689 1291 certaminis
705 1228 796 1290 hares
806 1249 816 1290 ⁴:

98 1321 205 1406 Tuque
219 1324 277 1386 tuis
292 1324 389 1401 armis,
404 1346 457 1387 nos
470 1337 502 1387 te
520 1338 699 1408 poteremur,
713 1325 842 1387 Achille.
1005 1327 1066 1388 130

100 1418 199 1492 Quem
214 1421 352 1504 quoniam
365 1443 425 1484 nou
440 1443 523 1505 aequa
537 1423 608 1486 milri
624 1422 764 1505 vobisque
780 1419 925 1504 negdrunt

99 1515 169 1581 Fata
182 1518 202 1595 ;'
228 1517 393 1605 (manuque
405 1519 493 1583 sirmrl
504 1520 598 1582 veluti
611 1519 803 1602 lacrymantia
818 1519 901 1585 tersit

98 1613 239 1701 Lumina)
258 1617 343 1700 ‘quis
355 1637 464 1698 magno
477 1616 583 1680 metius
597 1617 737 1681 sumcedat
752 1616 874 1693 Achilli,

100 1710 198 1785 Quam
213 1734 371 1797 perquem
384 1735 509 1796 magnus
524 1713 637 1776 Danais
652 1713 794 1776 successit
808 1712 960 1775 Achilles?

135 1811 218 1874 Huic
230 1811 324 1875 modo
338 1833 377 1874 ue
396 1812 497 1895 prosit,
513 1811 602 1894 qudd,
618 1825 721 1888 otest,
737 1810 829 1872 hebes
851 1831 917 1872 esse
934 1808 1064 1872 videtur:

99 1907 182 1970 Neve
197 1908 271 1971 mihi
285 1922 400 1986 noceat,
415 1907 496 1992 qudd
512 1909 594 1972 vobis
608 1930 737 1992 semper,
753 1907 875 1985 Achivi,
1006 1909 1067 1973 136

98 2005 210 2070 Prolirit
220 2006 388 2088 ingenium:
410 2027 537 2090 meaque
553 2007 616 2069 haee
631 2005 776 2083 facundia,
791 2005 815 2068 si
831 2026 889 2088 qua
903 2019 958 2082 est,

97 2101 172 2176 Quae
188 2125 268 2165 nunc
278 2125 331 2186 pro
344 2103 475 2182 domiuo,
491 2125 544 2187 pro
559 2104 642 2166 vobis
657 2123 734 2185 saepe
749 2105 847 2166 locuta
861 2117 917 2180 est,

97 2199 211 2262 Invidit
221 2214 341 2269 eareat:
364 2201 442 2265 bona
455 2223 512 2264 nec
526 2222 580 2263 sua
596 2201 717 2284 quisque
732 2213 859 2262 recuset.

98 2296 174 2360 Nam
190 2319 294 2380 genus,
308 2311 341 2361 et
351 2321 486 2383 proavos,
501 2312 531 2362 et
544 2321 609 2383 quae
624 2320 684 2362 non
699 2297 821 2360 lecimus
836 2298 903 2381 ipsi,
1007 2298 1067 2359 140

99 2395 158 2462 Vix
171 2418 211 2466 ea
224 2410 322 2465 nostra
339 2418 423 2459 voco.
467 2397 530 2461 Sed
545 2397 634 2474 enim,
649 2397 719 2480 quia
732 2397 832 2459 retulit
846 2395 928 2480 Ajax

98 2493 171 2565 Esse
186 2493 271 2568 Jovis
285 2515 444 2579 pronepos,
455 2494 544 2563 nostri
561 2515 677 2578 quoque
693 2493 842 2574 sanguinis
857 2505 959 2554 auctor

96 2591 213 2676 Jupiter
227 2605 292 2654 est:
314 2592 496 2676 totidemque
510 2593 618 2674 gradus
633 2593 774 2653 distamus
785 2588 822 2655 ab
837 2587 897 2649 illo.

98 2688 174 2752 Nam
189 2690 262 2752 mihi
277 2689 402 2751 Laertes
416 2704 500 2773 pater
511 2704 569 2768 est,
584 2689 725 2756 Arcesius
740 2687 791 2763 illi,

98 2786 212 2871 Jupiter
226 2788 316 2851 huie:
340 2808 437 2871 neque
451 2787 481 2850 in
496 2789 541 2850 his
556 2787 709 2871 quisquam
723 2784 878 2847 damnatus
892 2796 924 2848 et
937 2781 1035 2847 exsul.

99 2885 152 2948 Est
166 2907 285 2970 quoque
298 2907 355 2969 per
368 2899 492 2949 matrem
507 2885 664 2969 Cyllenius
679 2885 778 2947 addita
792 2883 875 2946 nobis
1006 2885 1068 2946 146
1153 2868 1160 2878 ’

99 2984 199 3045 Altera
214 2982 369 3046 nobilitas:
395 2983 471 3045 deus
485 2996 531 3046 est
545 2984 574 3047 in
588 2996 714 3066 utroque
729 2994 862 3065 parente.

99 3079 156 3150 Sed
171 3102 269 3165 neque
283 3095 417 3149 materno
432 3081 593 3165 quodsum
607 3081 775 3162 generosior
789 3093 866 3154 ortu,

100 3176 162 3241 Neu
176 3179 248 3242 mihi
262 3178 344 3263 qudd
357 3192 443 3263 pater
457 3193 502 3242 est
515 3178 631 3242 fraterni
647 3178 796 3261 sanguinis
810 3176 919 3250 insons,

101 3273 251 3361 Proposita
266 3298 348 3349 amsa
361 3291 450 3363 peto:
472 3277 583 3345 meritis
597 3276 759 3360 expendite
774 3291 905 3336 causam.
1009 3272 1070 3334 150
