2370 4110
412 236 413 239 ¹
524 273 635 322 raam.

131 421 173 486 Hi
186 423 312 487 adeunt
327 422 392 486 udis
406 422 436 484 in
449 443 503 483 sua
516 435 594 485 tecta
609 423 702 504 genis.

89 520 221 585 Sustinet
235 519 386 602 impositos
400 518 518 581 summi
530 540 623 582 cavus
637 519 739 582 alveus
753 517 843 582 uadi.

130 615 202 679 Heu
219 631 361 700 quantum
376 615 427 678 sati
441 637 532 700 parva
547 617 654 679 tabella
669 617 771 681 vehit!
1021 612 1067 686 60

88 714 204 776 Alveus
219 714 248 776 in
263 715 334 775 limo
348 713 428 776 silvis
442 714 583 796 appulsus
598 714 708 796 opacis,
790 753 793 758 -

130 811 279 873 Paulatim
294 811 385 873 fluvio
402 810 568 886 deficiente,
583 811 678 873 sedet.

89 905 182 970 Venit
196 907 234 968 ad
249 907 399 990 expositos
417 905 553 992 (mirum)
569 906 640 990 lupa
654 906 726 970 soeta
739 906 893 988 gemellos.

129 1003 210 1078 Quis
223 1004 325 1066 credat
339 1004 437 1087 pueris
451 1024 510 1066 non
526 1004 660 1066 nocuisse
675 1002 787 1066 feram?

87 1099 159 1164 Non
173 1102 309 1164 nocuisse
324 1122 428 1184 pamm
443 1087 508 1164 est:
531 1100 651 1184 prodest
666 1121 802 1185 quoque:
826 1120 900 1185 quos
914 1101 986 1185 lupa

217 1198 317 1274 nutrit,
1020 1199 1064 1262 65

130 1294 263 1357 Prodere
278 1308 413 1377 cognata
427 1292 591 1356 sustinuere
606 1315 721 1357 manus.
974 1319 978 1323 ’

86 1389 240 1470 Constitit,
256 1405 287 1454 et
300 1391 396 1455 caudi
409 1392 517 1453 teneris
532 1391 679 1455 blanditur
693 1391 828 1470 alumnis,

129 1489 173 1553 Et
186 1489 268 1570 fingit
282 1487 384 1571 lingui
396 1509 519 1570 corpora
533 1488 600 1550 bina
615 1488 679 1552 sui.

86 1585 187 1648 Marte
202 1600 280 1648 satos
295 1587 402 1663 scires;
424 1586 511 1648 timor
525 1585 633 1648 abluit:
657 1587 747 1648 ubera
761 1585 891 1663 ducuut3

129 1682 160 1746 N
162 1705 197 1746 ec
213 1683 265 1745 sibi
281 1683 415 1766 promissi
429 1683 512 1744 lactis
527 1683 645 1744 aluntur
657 1704 727 1766 ope.

86 1779 198 1842 Martia
212 1792 258 1841 ter
271 1800 357 1840 senos
373 1779 469 1861 proles
484 1778 653 1841 adoleverat
668 1800 777 1856 annos3

128 1876 172 1939 Et
185 1877 303 1938 suberat
317 1874 400 1937 flava
412 1875 474 1959 jam
490 1897 568 1937 nova
580 1876 670 1937 barba
684 1898 786 1939 coma.

87 1973 235 2036 Omnibus
251 1972 383 2054 agricolis
398 1985 655 2055 annentorumque
670 1973 812 2055 magistris

128 2071 228 2133 lliadae
244 2069 346 2132 fratres
356 2069 422 2153 jura
438 2069 529 2150 petita
544 2069 663 2132 dabant.

87 2167 174 2252 Saepe
190 2167 310 2229 domurn
325 2166 448 2228 veniunt
462 2167 631 2250 predonum
646 2169 787 2250 sanguine
800 2167 878 2247 leti3

128 2263 171 2327 Et
185 2264 320 2345 redigunt
335 2277 416 2326 actos
430 2263 460 2325 in
475 2285 528 2326 sua
542 2286 608 2327 mra
621 2265 724 2327 boves.

87 2361 130 2425 Ut
144 2382 238 2444 genus
253 2361 417 2437 andiemnt,
434 2360 546 2423 animos
561 2375 645 2443 pater
659 2361 754 2427 editus
769 2376 859 2445 auget
867 2383 876 2440 ;

127 2465 166 2522 Et
182 2458 275 2542 pudet
290 2459 320 2521 in
336 2457 437 2541 paucis
451 2479 559 2520 nomen
575 2459 683 2520 habero
698 2459 783 2525 casis.

88 2555 296 2639 Romuleoque
311 2555 389 2617 cadit
405 2553 542 2639 trajectus
557 2555 694 2619 Amulius
709 2576 797 2634 errae3

129 2653 297 2737 Regnaque
312 2653 446 2734 longavo
459 2654 650 2716 restituuntur
663 2676 730 2717 avo.

87 2749 155 2813 Jam
169 2751 264 2812 luerat
278 2770 382 2833 poenas
397 2748 485 2811 frater
499 2748 670 2827 Numitoris,
686 2764 717 2812 et
730 2773 818 2813 omna

127 2848 285 2909 Pastorum
301 2847 420 2928 gemino
433 2847 488 2908 sub
503 2847 578 2907 duce
593 2847 698 2927 vulgus
712 2860 785 2909 erat.

89 2943 272 3009 Contrahere
288 2957 428 3025 agrestes,
443 2956 474 3004 et
488 2943 597 3004 moeuia
612 2963 722 3026 ponere
735 2944 852 3027 utrique

127 3041 289 3105 Convenit.
334 3039 503 3121 Ambigitur
516 3041 625 3102 moenia
640 3054 730 3123 ponat
744 3054 820 3103 uter.

89 3139 156 3202 ‘Nil
171 3159 247 3221 opus
263 3137 329 3214 est‚'
344 3138 429 3214 dixit,
445 3143 454 3174 ‘
463 3137 644 3215 certamine‚’
661 3137 818 3217 Romulus,
833 3140 926 3204 ‘ullo

127 3235 240 3317 Magna
253 3236 327 3298 fides
343 3236 440 3297 avium
456 3247 517 3296 est:
540 3237 729 3318 experiamur
744 3238 835 3302 aves?

88 3331 150 3396 Res
165 3333 274 3416 placet.
319 3332 406 3394 Alter
419 3331 472 3393 init
487 3333 630 3395 nemorosi
645 3355 717 3396 saxa
731 3333 845 3398 Palati:

112 3431 216 3494 -Alter
230 3430 415 3493 Aventinum
429 3429 516 3491 mane
530 3450 673 3493 cacumen
688 3431 759 3493 adit.

389 3526 456 3588 15*
