2356 4110
102 311 145 372 76
417 314 765 366 METAMORPHOSEON

1 525 4 530 .
102 467 246 551 Dumque
260 480 363 549 rogat;
384 487 438 550 pro
454 464 514 550 quir
527 480 620 548 rogat,
635 464 752 528 occidit.
797 463 882 528 Orbe
894 466 1007 530 resedit

102 564 267 628 Exanimes
282 566 358 628 inter
372 579 466 641 natos,
482 578 635 648 natasque,
651 564 822 645 virumque:
1023 565 1080 627 155

102 663 289 748 Diriguitque
305 663 399 725 malis.
444 661 552 724 Nullos
566 674 667 725 movet
681 683 751 724 aura
765 661 899 744 capillos.

102 761 138 824 In
152 763 236 824 vultu
250 762 332 824 color
347 761 469 824 estsine
484 761 644 842 sanguine:
667 760 778 822 lumina
792 759 908 822 moestis

102 859 187 921 Stant
203 860 324 922 immota
338 860 439 942 genis:
461 858 534 920 nihil
549 871 594 920 est
608 858 638 920 in
653 857 780 940 imagine
795 857 866 920 vivi.

102 956 171 1039 Ipsa
188 979 306 1041 quoque
322 957 443 1020 interius
457 978 528 1018 cum
542 955 616 1018 dum
630 956 730 1037 lingua
744 955 845 1038 palato

102 1053 260 1136 Congelat,
276 1069 307 1118 et
321 1076 404 1117 venae
419 1055 562 1116 desistunt
576 1075 663 1137 posse
677 1053 800 1115 moveri.
1022 1055 1080 1117 160

101 1149 168 1213 Nec
183 1152 264 1215 flecti
278 1153 392 1229 cervix,
408 1173 463 1213 nec
478 1151 598 1213 brachia
612 1150 736 1212 reddere
754 1164 866 1233 gestus,

101 1246 168 1310 Nec
184 1271 237 1332 pes
253 1250 294 1311 ire
310 1261 424 1332 potest:
447 1248 523 1310 intra
538 1270 655 1332 quoque
668 1248 782 1310 viscera
795 1270 903 1311 saxum
916 1261 973 1312 est.

101 1343 170 1407 Flet
185 1359 296 1422 tamen,
311 1359 342 1407 et
357 1344 444 1407 validi
458 1346 639 1408 circumdata
653 1346 768 1408 turbine
783 1347 865 1408 venti

100 1440 136 1502 ln
153 1442 276 1524 patriam
290 1457 374 1526 rapta
388 1456 450 1504 est:
473 1443 524 1504 ubi
537 1443 598 1504 fixa
611 1444 765 1505 cacumine
779 1445 887 1507 montis

100 1537 248 1622 liquitur,
262 1554 293 1603 et
307 1541 453 1624 lacrymas
468 1539 629 1603 etiamnum
643 1563 789 1604 marmora
807 1555 939 1604 manant.
1020 1543 1080 1605 165

171 1841 310 1900 munus,
332 1843 472 1901 rnocrtn,
495 1843 693 1900 remouens,
716 1844 750 1885 tn
773 1844 853 1886 svns
876 1845 1014 1887 ituram.

529 2065 558 2103 v.
576 2045 650 2104 620.

145 2220 194 2280 Ad
209 2234 334 2282 matrem
349 2222 486 2286 veniebat
499 2223 574 2306 Itys.
619 2221 703 2296 Quid
718 2225 820 2307 possit,
836 2226 875 2288 ab
889 2227 941 2290 illo

100 2315 262 2378 Admonita
276 2331 337 2379 est:
360 2320 511 2403 oculisque
526 2335 613 2383 tuens
627 2321 796 2399 immitibus,
813 2323 884 2386 ‘Ah
903 2328 996 2408 quim

100 2412 143 2475 Es
158 2413 259 2476 similis
273 2415 348 2497 patri
359 2416 377 2477 !’
401 2417 485 2479 dixit.
530 2417 598 2480 Nec
613 2418 697 2501 plura
710 2419 821 2497 locuta,

99 2509 199 2572 Triste
214 2525 297 2594 parat
312 2511 442 2591 sacinus3
464 2515 613 2598 tacitique
628 2529 770 2577 exaestuat
785 2516 838 2578 ira.

141 2606 187 2669 Ut
200 2622 300 2670 tamen
316 2610 439 2672 accessit
453 2626 548 2688 natus,
565 2613 709 2695 matrique
723 2614 850 2676 salutem
1021 2622 1082 2681 170

100 2704 219 2784 Attulit,
235 2719 266 2768 et
279 2707 376 2789 parvis
391 2708 515 2770 adduxit
529 2709 605 2771 colla
618 2709 745 2786 lacertis,

98 2800 257 2889 Mixtaque
272 2805 418 2868 blanditiis
434 2807 591 2890 puerilibus
606 2806 707 2868 oscula
717 2807 835 2890 junxit3

98 2898 185 2963 Mota
200 2904 319 2985 quidem
334 2918 379 2965 est
393 2907 538 2985 genitrix3
560 2904 740 2986 infractaque
754 2905 885 2969 constitit
900 2907 960 2970 ira:

99 2994 246 3079 Invitique
260 3000 337 3059 oculi
352 3001 489 3082 lacrymis
504 3003 645 3064 maduere
659 3002 780 3063 coactis.

99 3092 160 3154 Sed
175 3093 261 3155 simul
277 3115 316 3154 ex
331 3095 422 3155 nimia
436 3111 559 3160 matrem
574 3099 683 3180 pietate
699 3098 797 3159 labare
1020 3109 1081 3168 175

99 3190 208 3267 Sensit,
225 3190 333 3252 abhoc
348 3190 454 3252 iterum
470 3207 514 3255 est
529 3196 567 3255 ad
580 3197 676 3257 vultus
692 3217 776 3256 versa
790 3197 916 3275 sororis;

99 3286 193 3370 Inque
208 3288 305 3350 vicem
319 3299 457 3368 spectans
471 3291 582 3366 ambos,
598 3291 681 3353 ‘Cur
695 3293 855 3370 admovet,'
871 3296 978 3379 inquit,

99 3391 108 3420 ‘
120 3384 208 3446 Alter
220 3385 374 3447 blanditias
385 3405 394 3459 3
415 3385 500 3467 rapta
514 3387 580 3448 silet
595 3388 686 3450 altera
696 3390 817 3470 lingua?

100 3479 202 3552 Quam
217 3495 304 3543 vocat
318 3482 366 3544 hic
381 3493 515 3559 matrem,
529 3505 582 3545 cur
596 3506 654 3546 non
670 3499 756 3548 vocat
770 3486 818 3549 illa
832 3495 988 3555 sororem?
