2356 4110
527 374 635 439 arara
658 389 678 439 1.

103 537 160 602 Illa
173 538 265 602 etiarn
281 539 412 622 supplex
426 538 509 621 Argo
523 539 592 601 ciam
606 539 725 601 brachia
740 541 830 601 vellet

105 637 248 700 Tendere
261 658 270 715 3
292 658 352 699 non
369 636 481 713 habuit,
496 658 561 719 quae
575 637 693 699 brachia
706 636 839 698 tenderet
853 637 955 718 Argo:

107 733 286 819 Conatoque
302 734 386 817 queri
401 733 529 815 mugitus
545 733 637 795 edidit
650 755 718 795 ore:

106 831 325 915 Pertimuitque
340 852 445 893 sonos:
469 830 645 914 propriique
662 833 801 895 exterrita
816 854 889 895 voce
904 846 960 894 est.
1021 837 1085 896 520

83 950 88 959 ·
151 927 246 990 Venit
259 942 291 991 et
305 929 343 990 ad
357 928 446 1011 ripas,
461 929 512 991 ubi
526 928 628 990 ludere
643 951 720 1012 sape
735 929 858 1006 solebat,

106 1024 263 1088 Inachidas
277 1026 373 1108 ripas:
396 1047 532 1109 novaque
546 1040 580 1089 ut
593 1027 748 1110 conspexit
764 1027 792 1088 in
808 1026 888 1088 undis

109 1121 242 1198 Cornua,
256 1123 419 1205 pertimuit,
434 1145 525 1207 seque
540 1137 694 1185 externata
706 1123 824 1207 refugit.

108 1218 222 1287 Naides
235 1220 380 1303 ignorant,
396 1222 509 1302 ignorat
524 1234 554 1283 et
568 1220 696 1283 Inachus
710 1222 784 1304 ipse,

108 1315 188 1389 Qua
202 1318 249 1379 sit.
293 1318 337 1381 At
352 1319 402 1380 illa
416 1332 530 1401 patrem
544 1319 684 1403 sequitur,
699 1321 887 1403 sequiturque
902 1339 1031 1382 sorores:

109 1413 150 1475 Et
166 1415 275 1497 patitur
287 1416 378 1497 tangi,
393 1436 485 1499 seque
500 1416 708 1478 admirantibus
722 1418 818 1479 offert.
1020 1419 1083 1479 526

108 1509 277 1594 Decerptas
291 1512 389 1574 senior
402 1526 574 1595 porrexerat
589 1512 716 1576 Inachus
730 1515 854 1591 herbas;

107 1606 164 1670 llla
178 1631 281 1672 manus
294 1610 407 1687 lambit,
422 1610 581 1693 patriisque
596 1611 646 1673 dat
661 1612 762 1674 oscula
775 1612 898 1695 palrnis3

108 1704 138 1767 N
140 1726 176 1768 ec
189 1707 296 1769 retinet
309 1707 470 1791 lacrymas:
494 1721 535 1784 et,
549 1708 574 1769 si
588 1708 678 1770 modd
693 1710 783 1772 verba
796 1723 965 1793 sequantur,

109 1801 184 1865 Oret
197 1826 305 1887 opem;
327 1826 495 1888 nomenque
510 1827 608 1882 suum,
621 1827 765 1890 casusque
779 1806 925 1890 loquatur.
1020 1810 1084 1869 530

109 1899 224 1962 Littera
236 1923 291 1984 pro
307 1902 413 1979 verbis,
429 1924 516 1986 quam
531 1922 585 1984 pes
601 1903 630 1963 in
644 1904 766 1985 pulvere
781 1903 870 1980 ducit,

110 1996 251 2081 Corporis
265 1999 406 2061 indicium
420 2001 524 2062 mutati
539 1999 620 2061 triste
636 1999 759 2082 peregit.
883 2032 889 2043 ·

111 2093 182 2157 ‘Me
197 2097 335 2159 miserum
347 2097 365 2160 l’
388 2100 533 2160 exclamat
548 2110 633 2180 pater
648 2097 791 2160 Inachus:
814 2032 1062 2182 ‘ubire'gement'n

111 2190 266 2271 Cornibus,
280 2208 311 2257 et
325 2195 419 2257 nivea
433 2195 565 2278 pendens
579 2196 696 2258 cervice
707 2194 855 2280 juvencae,

112 2288 181 2352 ‘Me
195 2293 334 2354 miserum
344 2292 363 2354 l'
385 2292 554 2375 ingeminat.
599 2292 706 2354 ‘Tune
721 2315 753 2355 es
769 2294 887 2377 quasita
901 2315 956 2378 per
969 2315 1082 2370 omnes,

112 2386 198 2465 Nata,
212 2390 285 2452 mihi
299 2392 411 2453 terras?
433 2389 483 2470 Tu
499 2413 558 2454 nou
572 2391 693 2473 inuenta
706 2391 825 2474 reperta
862 2378 867 2385 ’
1020 2393 1083 2453 536

112 2483 221 2549 Luctus
236 2509 300 2550 eras
314 2488 418 2551 levior.
463 2487 604 2585 Retiges:
626 2511 683 2565 nec
698 2502 800 2551 mutua
813 2490 918 2552 nostris

114 2580 200 2646 Dicta
213 2583 323 2649 refers:
346 2586 406 2649 alto
420 2600 533 2651 tantum
548 2587 670 2670 suspiria
685 2588 784 2671 prodis

112 2679 252 2745 Pectore:
276 2684 414 2771 quodque
427 2706 518 2757 unum
534 2686 683 2793 potesbffi
697 2706 765 2747 mea
779 2685 869 2747 verba
882 2705 1020 2775 remugrs.

73 2792 80 2819 ¹
112 2776 176 2841 Nec
189 2780 269 2843 finire
283 2781 353 2851 licet
368 2795 463 2844 tantos
479 2781 550 2844 mihi
565 2796 659 2844 morte
674 2782 805 2844 dolores:
953 2767 961 2786 ⁴
1020 2783 1083 2843 540

112 2875 169 2939 Sed
183 2892 279 2961 nocet
287 2900 353 2941 esse
368 2878 474 2959 deum:
498 2882 697 2963 praeclusaque
708 2879 799 2971 janqa
812 2877 864 2939 leti

110 2973 265 3038 AEtemum
280 2964 394 3039 nostros
409 2977 504 3040 luctus
520 2977 655 3041 extendit
670 2977 699 3038 in
714 2974 832 3037 aarum!

109 3070 193 3137 Talia
209 3074 348 3137 moerenti
361 3075 493 3173 stellatus
507 3078 674 3151 submovet,
689 3074 799 3157 Argus,

107 3168 311 3256 Ereptamque
326 3145 407 3257 pitin
415 3150 532 3236 diversa
546 3173 576 3235 in
591 3196 701 3256 pascua
715 3186 813 3236 natam

106 3269 271 3361 Abstrahit,
317 3269 387 3354 lpse
403 3273 505 3355 procul
520 3271 627 3333 montis
642 3272 764 3334 sublime
779 3292 922 3333 cacumen
1019 3271 1083 3331 545

102 3366 261 3451 Occupat:
284 3368 365 3430 unde
380 3368 486 3445 'sedens
502 3381 599 3451 partes
614 3369 783 3452 speculetur
796 3369 825 3431 in
840 3386 954 3430 omnes.

143 3464 215 3529 Nec
229 3465 373 3549 superirm
386 3480 483 3530 rector
497 3467 574 3528 mala
589 3480 670 3529 tanta
684 3465 868 3528 Phoronidos
883 3463 960 3525 ultra

98 3560 196 3629 Ferre
209 3576 330 3653 potest:
353 3578 515 3647 natumque
531 3578 636 3641 vocat;
659 3584 749 3647 quem
763 3560 861 3623 lucida
875 3572 961 3644 partu
