2356 4110
466 312 574 362 LIBER
596 313 616 362 l.

41 464 166 528 Pollicis
181 462 339 545 Argolicae‚
355 462 547 547 stimulosque
562 465 591 526 in
606 478 727 547 pectora
743 486 837 527 caecos

43 562 201 639 Condidit,
217 574 248 624 et
264 559 418 644 profugam
434 583 486 644 per
501 575 596 624 totum
611 563 714 625 terruit
727 564 840 626 orbem.

45 660 179 724 Ultimus
194 660 341 721 immenso
355 659 495 736 nestabus,
511 658 591 737 Nile,
606 660 708 722 labori.

48 757 152 832 Quem
166 758 253 820 simul
268 780 303 819 ac
318 757 424 839 tetigit,
441 758 601 842 positisque
617 759 646 821 in
662 692 793 842 [ηὔξω
809 759 879 842 ripae

48 855 212 918 Procubuit
226 855 361 938 genibus,
375 855 573 939 resupinoque
589 856 680 918 ardua
693 857 782 934 collo,
965 856 1028 918 585

51 952 139 1027 Quos
153 953 258 1036 potuit,
273 953 351 1014 solos
367 952 473 1014 tollens
488 953 525 1014 ad
540 954 636 1015 sidera
651 954 760 1031 vultuS,

53 1050 95 1113 Et
109 1051 228 1132 gemitu,
243 1063 275 1112 et
288 1049 438 1133 lacrymis,
454 1065 484 1112 et
498 1051 643 1112 luctisono
658 1051 772 1132 mugitu

55 1147 136 1211 Cum
149 1147 224 1209 Jove
239 1148 302 1210 visa
316 1147 399 1231 queri
414 1161 469 1225 est,
483 1149 632 1232 finemque
648 1169 731 1209 orare
746 1148 903 1211 malorum.

58 1246 196 1331 Conjugis
209 1247 259 1309 ille
273 1268 333 1309 suae
347 1247 524 1329 complexus
539 1247 616 1308 colla
629 1246 756 1323 lacertis,
778 1240 834 1339 ip.-

58 1343 153 1407 Finiat
164 1359 198 1407 ut
210 1365 315 1429 poenas
329 1344 461 1422 tandem,
475 1358 574 1426 rogat:
599 1343 712 1429 ‘Inque
726 1342 857 1407 futruum
967 1343 1032 1405 590

60 1441 141 1504 Pone
154 1441 269 1521 metus‚'
286 1442 390 1526 inquit,
406 1450 576 1526 ‘nunquam
590 1442 642 1504 tibi
657 1463 746 1504 causa
760 1440 867 1504 doloris

62 1537 131 1601 Haec
146 1540 197 1602 erit
206 1539 225 1602 :’
248 1553 280 1602 ct
294 1539 414 1623 Stygias
423 1538 510 1625 jubet
524 1540 582 1601 hoc
598 1539 697 1601 audire
712 1538 848 1622 puiades.

64 1635 104 1698 Ut
116 1638 202 1700 lenita
216 1638 272 1700 dea
286 1651 341 1714 est,
357 1638 456 1699 vultus
470 1636 549 1719 capit
563 1637 614 1699 itta
628 1636 756 1720 priores:

66 1731 176 1818 Fitque,
191 1736 269 1819 quod
284 1735 352 1797 ante
367 1732 432 1796 fuit.
476 1733 609 1816 Fugiunt
623 1755 779 1818 ccorpore
794 1746 881 1796 setae:

68 1829 179 1894 Cornua
192 1833 383 1894 decrescunt:
406 1831 439 1893 fit
453 1830 570 1894 luminis
584 1832 691 1893 arctior
704 1832 799 1893 orbis:
970 1829 1033 1890 595

69 1926 249 1992 Contrahitur
262 1930 368 1992 rictus:
392 1929 517 1992 redeunt
531 1929 707 2012 humerique
722 1947 904 2009 manusque:

69 2025 236 2111 Ungulaque
250 2028 282 2089 in
297 2027 401 2111 quinos
415 2027 528 2110 dilapsa
543 2025 705 2087 absumitur
718 2045 843 2106 ungues.

69 2122 114 2185 De
126 2124 198 2187 bove
211 2125 254 2187 nil
269 2137 414 2209 superest,
429 2123 528 2186 sormae
542 2123 597 2185 nisi
612 2123 732 2200 candor,
747 2122 777 2183 in
791 2120 862 2185 illt:

69 2219 226 2306 Officioque
240 2221 354 2305 pedum
368 2222 502 2305 nymphe
517 2234 657 2283 contenta
671 2220 807 2296 duorum,

67 2316 205 2402 Erigitur:
228 2319 395 2402 metuitque
409 2318 511 2402 loqui3
533 2339 571 2380 ne
586 2338 668 2379 more
678 2316 815 2402 juvence
970 2315 1036 2378 600

64 2414 192 2500 Mugiat:
217 2430 249 2480 et
263 2414 367 2479 timide
379 2416 473 2484 ¹verba
486 2415 651 2478 intermissa
663 2426 800 2476 retentat.

63 2513 145 2581 Nunc
159 2518 218 2581 dea
231 2506 359 2601 liniger&
371 2514 477 2578 colitur
490 2512 682 2576 celeberrima
694 2509 792 2575 turbe.
