2356 4110
354 296 359 305 “
538 313 646 363 arnan
664 314 699 362 n.

134 458 201 523 Non
215 460 381 522 auditurum
395 460 516 524 miseras
530 461 720 527 Phaethonta
735 465 868 546 querelas

137 546 227 620 Nocte
242 558 348 641 dieque
365 572 488 620 vocant:
513 559 776 643 adsternunturque
790 563 935 645 sepulcm.

139 653 219 717 Luna
232 669 333 739 quater
343 654 453 739 junctis
467 656 604 739 implerat
618 659 755 720 cornibus
769 661 887 722 orbern:

143 750 194 813 llla
208 775 284 814 more
299 774 354 815 suo
371 751 455 839 (nam
469 776 581 815 morem
597 755 707 818 fecerat
721 755 806 842 usus)

143 847 306 930 Plangorem
320 850 473 913 dederant.
518 851 547 912 E
563 853 627 934 quis
642 853 816 916 Phaethusa
830 878 961 919 sororum
1038 860 1101 921 345

144 943 273 1024 Maxima,
287 949 356 1010 edm
373 948 463 1010 vellet
477 962 563 1010 terrae
579 953 783 1032 procumbere,
799 967 901 1036 questa
916 968 961 1016 est

143 1041 290 1125 Diriguisse
304 1045 415 1128 pedes:
440 1046 477 1106 ad
493 1068 580 1129 quam
596 1061 706 1119 conata
718 1049 817 1110 venire

143 1139 264 1203 Candida
277 1141 447 1225 Lampetie,
463 1143 560 1206 subita
573 1145 670 1206 radice
685 1159 799 1207 retenta
814 1161 869 1209 est.

141 1236 241 1315 Tertia,
254 1241 322 1301 cum
337 1239 449 1302 crinem
463 1241 597 1302 manibus
611 1241 720 1304 laniare
736 1258 861 1326 pararet,

138 1335 242 1415 Avellit
254 1335 381 1399 frondes.
427 1336 501 1400 Haee
517 1339 616 1421 stipite
630 1362 715 1402 cmra
728 1341 831 1417 teneri,
1040 1345 1104 1406 350

122 1432 185 1509 ¹Illa
198 1434 276 1496 dolet
289 1435 351 1496 fieri
365 1435 468 1516 longos
483 1457 536 1497 sua
549 1437 669 1499 brachia
683 1460 788 1500 ramos.

134 1529 213 1604 Quid
227 1531 312 1594 faciat
326 1535 441 1595 mater?
462 1533 527 1610 nisi,
544 1533 603 1617 qud
617 1536 712 1596 trahat
727 1535 854 1619 impetus
870 1536 960 1612 illam,

130 1627 199 1692 Huc
214 1643 270 1706 eat,
286 1642 375 1713 atque
389 1630 479 1693 illuc?
502 1644 543 1708 et,
560 1632 630 1693 dum
644 1632 723 1710 licet,
738 1633 838 1695 oscula
847 1633 974 1718 jungat?

128 1725 197 1789 Non
208 1728 279 1790 satis
293 1741 349 1790 est.
393 1727 522 1791 Truncis
537 1730 665 1792 avellere
680 1752 804 1814 corpora
818 1744 931 1811 tentat3

127 1824 169 1886 Et
182 1838 299 1888 teneros
314 1826 447 1888 manibus
462 1848 558 1888 ramos
574 1829 765 1910 abrumpere:
789 1842 818 1890 at
833 1829 901 1890 inde
1039 1830 1104 1891 355

125 1922 305 2004 Sanguineae
320 1937 451 2000 manant,
465 1938 605 2008 tanquam
622 1925 659 1986 de
675 1926 807 1999 vulnere,
823 1937 921 2004 gutte.

124 2027 134 2056 ‘
143 2019 252 2097 Parce,
268 2042 383 2103 precor,
400 2022 512 2098 mater,'
530 2042 711 2105 quacunque
726 2034 770 2082 est
784 2021 893 2095 saucia,
908 2020 1032 2082 clamat:

123 2116 252 2195 ‘Parce,
267 2139 388 2202 precor:
411 2133 542 2180 nostrum
557 2119 681 2180 laniatur
695 2119 725 2180 in
739 2118 842 2180 arbore
857 2137 972 2200 corpus.

121 2213 254 2297 Jamque
269 2214 359 2277 vale!
404 2214 520 2278 Cortex
534 2217 563 2277 in
579 2217 669 2280 verba
683 2217 842 2279 novissima
855 2215 946 2278 venit.

120 2310 201 2374 Inde
216 2312 311 2375 fluunt
325 2313 482 2396 lacrymae:
505 2313 671 2396 stillataque
687 2314 749 2375 sole
765 2314 912 2395 rigescunt

120 2409 175 2472 De
190 2409 278 2472 ramis
293 2410 404 2472 electra
416 2410 518 2472 novis:
542 2432 605 2493 quac
620 2410 733 2472 lucidus
748 2410 855 2493 amnis¹

119 2506 260 2590 Excipit,
275 2521 306 2570 et
319 2507 440 2570 nuribus
455 2508 542 2570 mittit
556 2508 700 2588 gestanda
713 2507 843 2607 Latinisq
853 2501 859 2577 ᾗ
870 2585 871 2588 ¹
917 2550 944 2576 ,t
1036 2568 1043 2583 „

477 2761 612 2804 rnvrnrn
634 2760 753 2803 notros.
801 2802 830 2831 ¹7·
999 2800 1004 2819 ,
1049 2784 1078 2817 -,
1111 2802 1116 2819 ,

554 2945 586 2985 v.
602 2925 676 2985 760.

90 3030 124 3109 ,⁵²
612 3082 614 3086 2

121 3104 266 3168 Protinus
280 3105 412 3183 Invidia,
427 3107 511 3188 nigro
526 3104 699 3189 squallentia
713 3102 793 3179 tabo,

120 3203 226 3266 Tecta
240 3204 325 3287 petit.
371 3203 487 3266 Domus
503 3217 547 3265 est
561 3204 625 3265 imis
640 3204 668 3265 in
684 3202 807 3265 vallibus
822 3201 896 3264 antri

121 3302 251 3378 Abdita,
265 3302 328 3364 sole
343 3323 456 3378 carens,
471 3323 530 3363 non
543 3301 596 3363 ulli
610 3301 712 3384 pervia
726 3312 834 3376 vent03

121 3399 246 3476 Tristis,
262 3413 293 3462 et
307 3400 405 3482 ignavi
419 3399 588 3484 plenissima
602 3398 713 3481 frigoris
721 3419 730 3475 ;
752 3410 783 3460 et
798 3418 861 3480 quaa

124 3496 201 3583 lgne
216 3512 305 3562 vacet
319 3520 447 3582 sempor,
459 3497 583 3580 caligine
597 3518 716 3582 semper
729 3495 859 3558 abundet
874 3534 882 3555 2
