2356 4110
402 112 405 118 '
430 107 604 165 terrerem
627 111 701 166 1111.

81 258 132 324 His
146 282 204 344 ego
218 274 250 323 te
265 259 385 337 victam,
399 281 519 323 consors
534 258 646 322 Ledaea
660 259 804 342 gemellis,
835 282 837 286 ·

118 359 277 444 Suspicor:
301 358 365 420 hac
381 357 495 420 Danais
510 379 597 442 posse
612 378 721 420 nocere
735 371 820 442 puto.

79 454 208 520 Hectora
220 457 323 519 nescio
339 477 427 539 quem
443 456 544 517 timeo.
590 454 674 517 Paris
693 453 827 519 Hectora
841 457 915 522 dixit

116 555 228 618 Ferrea
242 553 405 636 sanguinei
417 553 496 615 bella
510 571 630 615 movere
646 570 745 615 manu.

78 650 217 730 Hectora,
233 653 363 736 quisquis
376 652 401 714 is
416 664 471 729 est,
485 651 510 713 si
525 671 590 713 sum
605 650 657 712 tibi
672 671 754 728 cara,
765 665 881 716 caveto.
1013 657 1056 720 65

117 751 273 832 Signatum
288 749 411 811 memori
426 762 548 833 pectore
562 768 673 810 nomen
688 749 776 811 habe.

80 844 166 909 Hune
182 848 232 909 ubi
247 846 356 922 vitaris,
373 847 444 908 alios
461 847 553 908 vitare
568 858 739 908 memento:

118 943 160 1006 Et
176 944 284 1006 multos
300 944 359 1006 illie
375 941 522 1005 Hectoras
537 964 602 1005 esse
617 931 700 1027 puta.

83 1037 120 1102 Et
132 1041 221 1104 facito
236 1041 325 1118 dicas,
342 1041 457 1125 quoties
472 1062 603 1124 pugnare
619 1041 744 1124 parabis,

119 1138 266 1201 ‘Parcere
280 1161 329 1200 me
341 1138 428 1223 jussit
442 1137 605 1202 Laodamia
620 1139 696 1200 sibi!

88 1232 113 1295 Si
125 1237 231 1299 eadere
247 1236 389 1318 Argolico
404 1235 447 1298 sas
462 1249 507 1298 est
522 1237 577 1298 sub
591 1236 683 1298 milite
697 1236 841 1321 Trojam3

10 1350 32 1401 ·,
119 1333 166 1396 Te
182 1356 301 1419 quoque
317 1357 375 1396 non
391 1336 491 1397 ullum‘
501 1335 607 1396 vulnus
622 1334 749 1397 habente
764 1335 861 1397 cadat.

89 1424 206 1513 Pugnet,
223 1446 253 1495 et
268 1427 405 1495 adversos
420 1433 522 1494 tendat
537 1430 695 1494 Menelaiis
710 1433 739 1494 in
755 1433 875 1496 hostes:

121 1528 163 1592 Ut
175 1531 270 1613 rapiat
284 1530 511 1613 Paridit,›quam
527 1528 610 1592 Paris
626 1530 694 1592 ante
709 1531 773 1592 sibi.

10 1612 12 1617 ⁵
83 1615 190 1704 Irmat3
213 1641 244 1690 et
257 1628 350 1690 causa
365 1649 454 1711 quem
469 1627 570 1703 vincit,
587 1627 684 1691 vineat
699 1644 729 1690 et
744 1627 843 1690 armis.
1015 1631 1058 1692 75

121 1722 262 1787 Hostibus
277 1747 295 1788 e
310 1725 415 1787 mediis
430 1739 523 1808 nupta
537 1725 668 1808 petenda
683 1726 745 1787 viro
760 1738 815 1787 est.

74 1810 177 1884 Causa
191 1836 243 1885 tua
257 1837 302 1885 est
317 1823 425 1906 dispar.
469 1821 519 1884 Tu
536 1823 650 1885 tautirm
665 1823 764 1885 vivere
779 1843 888 1906 pugna,

121 1918 216 2004 Inque
232 1922 296 2004 pios
311 1920 437 1983 domina
452 1941 539 2003 posse
554 1921 650 1984 redire
666 1921 756 1984 sinus·

65 2000 206 2094 Parcite,
222 2017 411 2095 Dardanidae,
426 2017 464 2079 de
480 2030 523 2081 tot
540 2017 674 2103 (precor)
691 2019 823 2081 hostibus
837 2020 906 2081 uui:

122 2114 168 2178 Ne
183 2137 268 2177 meus
284 2137 323 2178 ex
338 2116 388 2178 illo
402 2137 525 2199 corpore
541 2116 658 2196 sanguis
673 2128 731 2178 eat.
1016 2118 1059 2180 80

62 2194 107 2268 Ν
111 2235 167 2275 unc
181 2213 293 2290 fateor3
315 2213 394 2275 volui
409 2234 567 2289 revocare3
591 2212 764 2297 animusque
779 2212 910 2292 serebat;

122 2310 256 2374 Substitit
271 2310 393 2394 auspicii
407 2311 506 2392 lingua
521 2311 625 2373 timore
641 2310 721 2396 mali.

64 2395 160 2470 Cum
175 2408 284 2471 foribus
299 2409 394 2471 velles
408 2408 445 2470 ad
459 2407 583 2493 Trojam
599 2409 681 2471 exire
696 2410 835 2492 paternis,

121 2505 181 2567 Pes
199 2522 266 2568 tuus
280 2506 395 2569 offenso
409 2506 510 2569 limine
525 2505 608 2587 signa
624 2506 715 2569 dedit.

70 2586 124 2665 Ut
139 2604 209 2680 vidi,
224 2617 257 2666 ut
271 2605 388 2685 gemui3
410 2604 558 2688 tacitoque
573 2603 603 2666 in
619 2615 744 2687 pectore·
754 2602 832 2665 dixi:
938 2619 942 2627 ’

123 2700 232 2782 ‘Signa
247 2702 392 2763 reversuri
407 2702 474 2776 sint,
489 2722 603 2786 precor,
618 2701 673 2763 ista
688 2699 762 2762 viri?

82 2787 157 2860 Haec'
169 2799 222 2860 tibi
235 2820 316 2860 nune
330 2798 435 2874 resero,
450 2821 487 2861 ne
503 2801 541 2862 sis
558 2800 705 2861 animosus
719 2798 749 2860 in
764 2798 868 2862 armis:

122 2894 185 2958 Fac
201 2917 287 2958 meus
302 2896 332 2958 iu
349 2909 453 2962 ventos
468 2897 517 2958 hie
531 2897 618 2959 timor
632 2897 727 2959 omnis
742 2910 801 2959 eat.

89 2989 150 3054 Sors
166 3014 285 3079 quoque
300 2993 401 3055 neseio
417 3015 505 3076 quem
522 2991 582 3054 sato
597 2993 730 3076 designat
745 2996 855 3079 iniquo,

123 3088 187 3164 Qui
203 3090 315 3174 primus
329 3089 469 3153 Danafirrr
483 3089 604 3152 Troada
618 3105 718 3173 tangat
732 3094 865 3156 humum.

87 3187 201 3266 luselix,
217 3209 282 3272 quae
297 3189 391 3272 prima
407 3186 500 3250 virum
515 3187 627 3269 lugebit
640 3189 828 3272 ademptum!

124 3285 167 3348 Di
181 3283 301 3362 faciant,
316 3307 354 3348 ue
370 3299 401 3347 tu
417 3299 551 3347 strenuus
566 3306 632 3348 esse
648 3285 738 3348 velis!

388 3386 427 3444 15
