2356 4110
165 324 227 386 122
455 329 809 382 METAMOEPHOSEON.

160 480 266 544 Mente
281 482 375 545 serant
390 480 523 565 placida:
546 481 639 543 doceo
655 502 714 564 quo
727 480 819 542 simus
832 481 945 560 alendi,

159 578 341 642 Annandire
355 578 464 641 modo:
488 578 587 640 mittor
602 577 663 661 qud
675 576 805 660 postulat
818 598 901 640 ursus.
1077 582 1136 646 215

202 674 286 738 Eece
302 675 386 738 Jovis
402 676 525 752 monitu,
540 676 684 757 deceptus
699 675 825 756 imagine
840 676 950 754 somni,

159 772 232 835 Rex
242 773 329 857 jubet
344 773 453 856 incepti
467 794 568 835 auram
583 772 728 834 dimittere
743 773 824 834 belli.

159 867 214 932 Ille
229 882 327 952 potest
341 885 465 933 tumore
476 892 559 932 suam
574 868 734 932 defendere
747 891 877 932 causam.

159 965 230 1028 Non
244 968 319 1029 sinat
334 967 392 1030 hoc
406 967 499 1051 Ajax,
514 967 697 1050 delendaque
713 967 859 1049 Pergama
874 983 999 1052 poseat:

159 1062 312 1148 Quodque
327 1078 436 1147 potest,
451 1078 573 1147 pugnet.
618 1063 684 1126 Cur
696 1085 755 1125 non
770 1080 934 1128 remoratur
944 1066 1063 1132 ituros?
1073 1072 1134 1133 θλ)

158 1160 223 1225 Cur
237 1183 296 1223 non
311 1183 391 1223 anna
404 1162 503 1244 capit?
548 1161 621 1238 Dat,
636 1161 716 1245 quod
730 1183 805 1243 vaga
820 1163 905 1225 turba
919 1168 1083 1249 sequatur?

159 1257 228 1320 Non
244 1272 306 1320 erat
320 1259 377 1320 hoc
392 1258 513 1320 nimium
527 1280 678 1341 nunquam
692 1258 747 1320 nisi
761 1280 869 1340 magna
881 1260 1029 1344 loquenti.

158 1353 254 1431 Quid,
269 1353 347 1437 quhd
362 1367 393 1416 et
407 1354 470 1436 ipse
485 1353 581 1436 sugis?
605 1355 674 1432 vidi,
690 1355 854 1439 puduitque
870 1358 983 1436 videre,

158 1449 239 1513 cum
254 1465 287 1512 tu
301 1464 383 1533 terga
397 1451 492 1528 dares,
506 1452 720 1536 inhonestaque
736 1454 803 1516 vela
816 1475 949 1537 parares.-

158 1547 225 1611 Nec
240 1571 333 1626 mora,
347 1556 356 1586 ‘
369 1548 455 1624 Quid
468 1549 581 1613 facitis?
605 1571 669 1634 qun
686 1572 737 1613 vos
753 1551 922 1629 dementia?
938 1553 1013 1632 dixi,
1071 1559 1136 1621 &25

158 1645 327 1723 ‘Concitat,
342 1669 361 1709 o
375 1647 456 1723 socii,
471 1661 590 1730 captam
604 1648 750 1711 dimittere
765 1648 909 1734 Trojam?

157 1742 280 1817 Quidve
296 1743 416 1806 domum
431 1743 510 1806 lenis
525 1745 652 1822 decimo,
665 1745 721 1807 nisi
735 1746 878 1824 dedecus,
891 1750 1002 1813 amtoi'

157 1839 281 1903 Talibus
296 1855 385 1925 atque
400 1842 473 1919 aliis,
489 1842 519 1905 in
534 1864 599 1926 quae
614 1842 697 1905 dolor
710 1843 776 1926 ipse
789 1843 931 1908 disertum

157 1937 296 2016 Fecerat,
311 1960 429 2002 aversos
444 1939 568 2023 profugi
583 1940 620 2002 de
634 1942 727 2003 classe
742 1941 857 2004 reduxi.

157 2035 314 2100 Convocat
328 2038 448 2100 Atrides
462 2039 557 2100 socios
571 2052 680 2101 terrore
696 2052 859 2120 paventes:

157 2131 187 2194 N
189 2155 225 2195 ec
239 2132 468 2196 Telamoniades
482 2135 570 2196 etiam
585 2157 664 2197 nune
678 2135 790 2198 hiscere
807 2136 971 2221 quidquam

157 2230 263 2292 Ausit:
286 2244 316 2293 at
330 2252 417 2292 ausus
432 2246 494 2294 erat
508 2253 592 2313 reges
607 2232 754 2295 incessere
768 2233 853 2296 dictis

155 2326 320 2404 Thersites,
336 2329 424 2391 etiam
439 2351 493 2412 per
507 2350 555 2391 me
570 2330 648 2392 haud
664 2330 796 2413 impune,
812 2333 969 2414 protervis.

156 2425 272 2507 Erigor,
288 2440 318 2488 et
332 2427 462 2510 trepidos
476 2428 557 2490 cives
573 2428 712 2490 exhortor
725 2428 755 2489 in
770 2428 903 2492 hostem:

155 2523 364 2606 Amissamque
379 2523 448 2586 merl
462 2525 600 2586 virtutem
615 2545 689 2587 voce
703 2546 838 2608 reposco.
1067 2532 1131 2594 235

154 2618 307 2703 Tempore
322 2620 441 2698 abhoc,
457 2622 652 2706 quodeunque
668 2636 765 2705 potest
781 2623 887 2687 fecisse
902 2625 995 2689 rideri

154 2716 284 2780 Fortiter
298 2719 363 2796 iste,
378 2740 480 2782 meum
495 2734 556 2782 est:
580 2720 629 2803 qui
644 2720 764 2782 dantem
778 2735 861 2804 terga
874 2724 994 2786 retraxi.

196 2815 335 2900 Denique
351 2817 388 2879 de
404 2816 519 2880 Danais
533 2818 597 2901 quis
611 2830 641 2880 te
655 2817 793 2880 laudatve
808 2819 944 2902 petitus?

153 2914 196 2974 At
211 2935 264 2975 sua
277 2914 412 2997 Tydides
427 2937 545 2979 mecum
559 2915 758 2979 communicat
772 2930 854 2979 acta:

153 3007 207 3069 Me
224 3010 344 3091 probat:
368 3026 399 3073 et
412 3014 493 3075 socio
507 3034 624 3098 semper
637 3013 756 3076 confidit
771 3013 894 3096 Ulysse.
1065 3019 1127 3081 24⁰

153 3101 209 3168 Est
224 3106 343 3189 aliquid,
358 3109 395 3169 de
409 3122 453 3170 tot
468 3109 625 3194 Grajorum
640 3110 777 3187 millibus,
791 3133 884 3174 unum

152 3203 183 3264 A
198 3203 347 3266 Diomede
362 3204 431 3286 legi.
475 3205 543 3270 Nec
557 3230 606 3270 me
621 3231 682 3272 sors
697 3210 738 3272 ire
749 3209 891 3293 jubebat:

153 3299 203 3362 Sic
217 3315 316 3362 tamen
331 3314 361 3363 et
376 3314 475 3384 spreto
489 3306 641 3391 noctisque
656 3307 807 3390 hostisque
822 3307 945 3390 periclo,

152 3397 270 3459 Ausum
284 3399 399 3476 eadem,
416 3421 479 3482 quae
495 3422 559 3478 nos,
574 3402 708 3486 Phrygia
723 3405 760 3466 de
775 3416 864 3486 gente
879 3403 1001 3469 Dolona

83 3513 85 3518 ’
151 3490 308 3559 Interimo:
331 3519 390 3560 non
405 3498 473 3561 ante
488 3511 598 3577 tamen,
615 3501 703 3583 quam
717 3515 828 3566 cuncta
839 3504 924 3584 coi'gi
1065 3506 1126 3568 245
