2370 4110
214 26 217 31 ,
580 26 671 129 Ἀ
825 77 837 107 ,

63 25 837 292 MWMW
891 179 1070 208 “·“··’

451 328 564 388 mett
581 335 657 389 rue
781 183 904 418 fi
985 333 1046 395 115

425 697 565 770 LIBER
589 697 681 771 XIII.

88 923 268 970 CERTARE
289 923 393 966 ΜΒ
413 921 539 966 ΗΔῦΒΜ
559 922 603 964 E'l'
623 920 770 967 UEYSSH
789 919 834 969 DE
854 922 1012 973 Actium

501 1020 608 1065 nme.

514 1203 545 1246 v.
563 1188 592 1246 1.

60 1368 238 1433 Consedere
254 1369 362 1432 duces:
387 1381 428 1446 et,
444 1368 524 1451 vulgi
538 1381 634 1432 stante
648 1368 768 1448 cononi,

59 1467 161 1549 Surgit
176 1466 215 1529 ad
229 1466 283 1529 hoe
297 1466 397 1550 clypei
412 1465 548 1529 dominus
562 1466 763 1550 septemplicis
778 1466 871 1554 Ajux.

59 1563 165 1649 thue
179 1578 243 1628 erat
256 1564 414 1648 impatiens
428 1582 486 1641 ne,
503 1563 604 1646 Sigeia
617 1577 702 1626 torvo

59 1661 177 1725 Littora
190 1661 334 1746 respexit,
349 1661 533 1744 classemque
548 1661 578 1723 in
592 1660 699 1739 littore,
715 1662 817 1726 vultu:

59 1760 282 1844 Intendensque
299 1779 412 1835 manus,
429 1758 586 1840 ‘Agimus,
601 1760 657 1843 pro
675 1759 815 1843 Jupiter,’
830 1761 924 1847 inquit
1020 1765 1042 1828 ὅ

60 1858 163 1920 ‘Ante
178 1871 255 1921 rates
269 1877 409 1933 causam3
432 1870 463 1918 et
477 1877 596 1919 mecum
611 1855 762 1920 confertur
774 1857 919 1943 Ulyuees!

59 1955 104 2019 At
119 1978 179 2019 non
195 1954 353 2018 Hectoreis
368 1954 512 2017 dubitavit
526 1954 633 2017 cedere
648 1954 792 2019 flammis:

60 2053 148 2128 Quas
165 2075 221 2136 ego
235 2053 378 2129 sustinui3
402 2073 473 2136 quas
488 2052 546 2115 htc
560 2074 578 2114 a
591 2054 686 2116 classe
701 2051 810 2136 fugavi.

58 2151 169 2214 Tutius
184 2165 229 2214 eet
243 2150 318 2213 fictis
332 2150 419 2232 igitur
432 2151 612 2214 contendere
629 2151 736 2228 verbis,

59 2247 165 2322 Quiun
181 2269 313 2332 pugnare
328 2269 429 2310 mauu.
474 2247 537 2312 Sed
551 2270 608 2311 nec
622 2249 695 2312 mihi
709 2249 809 2312 dicere
824 2260 1005 2337 promptum,

59 2345 128 2408 Nec
144 2345 242 2409 facere
257 2359 303 2409 est
317 2346 382 2409 isti:
407 2359 608 2430 quantumque
623 2366 679 2428 ego
693 2345 794 2409 Morte
812 2345 912 2426 feroci,
1001 2352 1038 2413 ll

59 2442 217 2517 Quantum
231 2445 297 2508 ecie
312 2444 408 2522 valeo,
423 2457 538 2507 tanturn
553 2444 632 2506 valet
647 2444 701 2506 iste
715 2444 876 2529 loquendo.

59 2541 127 2605 Nec
142 2542 336 2604 memorande
351 2556 450 2604 tamen
466 2541 549 2604 vobis
563 2561 631 2604 mea
646 2539 735 2618 secta,
749 2541 880 2626 Pelasgi,

59 2639 136 2702 Esse
151 2660 234 2702 reor:
259 2640 371 2702 vidistis
386 2640 477 2701 enim.
522 2639 582 2702 Sua
597 2654 695 2704 narret
709 2639 852 2725 Ulyssee:

59 2736 139 2811 Quae
153 2738 217 2800 siue
232 2751 309 2800 teste
323 2738 408 2820 gerit,
424 2758 549 2822 quorum
562 2759 624 2800 nox
638 2739 757 2801 conscia
770 2738 833 2801 sole
846 2752 903 2802 est.
1001 2741 1044 2806 15

100 2833 230 2898 Praemia
245 2856 353 2918 magna
367 2835 429 2920 peti
444 2834 554 2898 fateor:
578 2835 631 2897 sod
647 2835 740 2897 demit
755 2837 897 2900 honorem

57 2931 209 2996 AEmulus.
255 2933 342 3019 Ajeci
358 2955 417 2996 non
432 2947 477 2996 est
491 2933 620 2994 tenuisse
634 2933 805 3015 superbum,

57 3031 106 3095 Sit
117 3032 191 3095 lic'et
205 3032 264 3095 hoc
279 3033 393 3114 ingens,
409 3030 552 3116 quidquid
567 3031 694 3115 speravit
709 3027 846 3116 Ulmes.

57 3129 118 3193 Iste
133 3130 201 3194 tulit
215 3130 344 3213 pretium
354 3128 417 3214 jum
432 3150 510 3192 nunc
525 3128 692 3191 certaminis
706 3128 813 3216 hujus3

57 3228 217 3302 Quocum
233 3228 328 3291 victus
343 3229 409 3305 erit,
423 3247 543 3290 mecum
557 3225 686 3290 certisse
701 3225 820 3292 seretur.
997 3231 1041 3295 20

98 3326 204 3412 Atque
219 3346 288 3408 ego,
302 3326 326 3389 si
341 3326 435 3407 virtus·
446 3325 477 3387 in
491 3345 540 3387 me
555 3325 825 3405 dubitabilium,

55 3423 221 3488 Nobilitate
237 3437 344 3508 potens
359 3444 465 3501 essem,
480 3421 649 3487 Telamone
662 3437 798 3487 creatus:

55 3518 174 3587 Moenie
188 3521 239 3608 qui
254 3520 319 3585 sorti
334 3521 465 3607 Trojano
479 3520 534 3584 rub
549 3519 681 3585 Hercule
694 3520 795 3605 cepit:
