2370 4110
162 333 228 397 166
558 336 752 389 Eunomus.

159 490 218 554 Ibis
233 491 396 575 Cecropios
410 503 522 574 portus,
536 488 690 574 patriique
704 500 843 572 receptus
1077 490 1135 550 125

202 587 282 652 Cum
298 589 411 651 steteris
426 588 504 650 uriu's
519 587 615 650 celsus
628 587 658 649 ia
673 607 740 648 arce
755 599 823 663 tuae,

161 685 202 749 Et
216 687 292 748 bene
307 686 429 748 narreris
444 686 538 748 letum
551 686 684 769 taurique
701 683 823 768 virique,

203 784 350 867 Sectaque
365 805 420 867 per
433 783 535 845 dubias
550 804 640 844 saxea
654 795 734 844 tecta
748 782 828 858 vies;

160 878 214 942 Me
231 902 346 964 quoque
361 895 477 943 narrato
492 880 554 943 soli
568 881 671 943 tellure
688 879 835 941 relictam:

204 977 274 1040 Non
288 1000 344 1060 ego
359 1000 423 1040 sum
438 980 526 1042 titulis
540 977 726 1060 subripienda
743 977 811 1038 tuis.
1075 978 1133 1040 130

161 1073 228 1138 Nec
243 1089 327 1159 pater
341 1089 386 1138 est
400 1076 531 1158 AEgeus3
554 1096 609 1136 uec
624 1087 656 1136 tu
671 1073 839 1136 Pittheidos
854 1072 969 1136 AEthroe

204 1173 315 1237 Filius:
339 1188 472 1236 auctores
487 1195 559 1235 saxa
571 1173 736 1256 fretumque
751 1173 804 1234 tui.

162 1270 205 1333 Di
219 1272 359 1348 facerent,
375 1285 407 1333 ut
421 1291 469 1332 me
484 1271 600 1331 summit
613 1271 651 1331 de
669 1288 770 1353 puppe
786 1268 919 1332 videres!

204 1368 348 1430 Movisset
364 1369 461 1429 vultus
476 1381 581 1429 moesta
595 1368 687 1448 figura
701 1380 777 1428 tuos.

162 1465 251 1529 Nunc
267 1484 383 1549 quoque
397 1486 456 1527 non
469 1465 574 1542 oculis,
589 1464 653 1542 sed,
668 1464 728 1549 qui
742 1477 838 1548 potes,
850 1463 975 1546 adspice
989 1475 1091 1526 moute

205 1561 375 1625 Haerentem
389 1564 521 1646 scopulo,
536 1584 624 1646 quern
641 1583 715 1644 vaga
729 1562 826 1645 pulsat
840 1579 927 1645 eque.
1074 1562 1132 1625 136

162 1659 293 1743 Adspice
309 1661 450 1723 demissos
463 1660 589 1742 lugentis
603 1660 633 1721 in
646 1679 698 1721 ore
712 1659 852 1742 capillos3

204 1757 245 1819 Et
259 1757 371 1820 tunicas
386 1758 532 1841 lacrymis,
543 1756 622 1819 ¹sicut
635 1757 672 1818 ab
686 1756 789 1833 inbre,
804 1772 918 1838 graves.

162 1853 291 1938 Corpus,
305 1869 337 1917 ut
352 1855 482 1938 impulse
498 1868 612 1936 segetes
628 1854 835 1938 Aquiiouibu8‚
849 1853 969 1916 horret:

204 1952 363 2037 Literaque
379 1953 499 2016 articulo
512 1970 614 2036 pressa
625 1964 772 2014 tremente
787 1951 876 2014 labo.
1074 1953 1134 2015 140

162 2051 232 2115 Non
247 2067 276 2115 te
293 2075 346 2136 per
360 2054 508 2129 meritum,
525 2053 661 2136 quoniam
676 2053 753 2115 mute
765 2052 867 2130 cessit,
883 2051 983 2116 adoro

204 2149 316 2210 Debita
330 2150 367 2210 sit
382 2149 459 2212 sacto
473 2149 564 2230 gratia
578 2150 659 2210 trulla
673 2168 758 2211 meo:

162 2244 221 2308 Sed
237 2267 292 2308 nec
308 2267 396 2330 poena
412 2247 540 2330 quidem.
585 2247 617 2309 si
632 2266 691 2309 aon
703 2265 762 2329 ego
774 2264 865 2312 cursu
883 2247 997 2326 salutis,

204 2341 234 2406 N
236 2365 274 2406 on
288 2359 387 2407 tamen
403 2359 457 2421 est,
472 2345 575 2407 cursis
589 2357 622 2406 tu
635 2345 708 2407 mihi
722 2364 811 2408 causa
827 2346 919 2409 necis.

161 2437 226 2503 Has
241 2441 302 2517 tibi,
318 2442 484 2524 plangendo
498 2442 631 2523 lugubria
644 2457 765 2526 pectora
779 2443 879 2521 lassae,
1073 2445 1133 2508 145

204 2537 311 2599 Infelix
326 2537 416 2599 tendo
430 2552 507 2600 trans
522 2538 596 2601 freta
610 2540 698 2620 ionga
712 2561 827 2602 manus.

161 2633 227 2697 Hos
239 2635 302 2711 tibi,
319 2634 368 2718 qui
383 2649 530 2718 superant,
544 2635 669 2697 ostendo
683 2650 790 2700 moesta
801 2637 936 2721 cepiiios.

204 2732 264 2796 Per
278 2733 421 2816 lacrymas
435 2755 497 2810 oro,
513 2754 584 2817 quas
599 2747 650 2796 tua
665 2733 741 2797 sacta
753 2727 906 2797 moventi

161 2828 266 2892 Flecte
280 2844 383 2908 ratem,
399 2829 539 2908 Theseu3
562 2851 706 2917 versoque
721 2833 852 2895 relabere
867 2832 945 2895 velo.

204 2927 236 2989 Si
250 2929 329 3011 prius
343 2929 480 2992 occidero
492 2950 500 3006 ;
521 2943 553 2992 tu
568 2943 667 2993 tamen
681 2951 748 2992 ossa
761 2931 852 3014 leges.
1072 2930 1132 2994 15⁰
