2356 4110
505 315 613 373 LIBER
637 317 683 368 VI.

483 587 621 651 LIBER
633 587 690 650 Vl.

341 818 440 860 1³1an
462 818 498 859 ln·
522 819 668 860 STATUAM
690 819 830 860 Morari.

528 1004 557 1043 v.
573 983 643 1042 tta.

110 1152 178 1215 Ante
192 1175 262 1215 suos
278 1152 376 1215 Niobe
391 1151 536 1214 thalamos
550 1166 728 1233 cognoverat
742 1151 833 1229 illam,

109 1248 176 1312 Turn
190 1254 261 1313 crim
276 1248 437 1314 Maeoniam
453 1250 534 1330 virgo
549 1249 744 1332 Sipylumque
758 1250 885 1312 colebat.

105 1346 162 1410 Nec
176 1362 278 1410 tamen
294 1347 444 1410 admonita
458 1360 503 1409 cst
517 1346 609 1430 poeui
624 1347 771 1430 popularis
788 1348 943 1410 Arachnes

104 1444 214 1507 Cedere
228 1445 388 1522 coelitibus,
404 1445 558 1527 verbisque
573 1444 731 1506 minoribus
745 1445 798 1507 uti.

101 1541 193 1605 Multa
207 1544 318 1605 dabant
331 1543 455 1605 animos.
500 1542 654 1604 Sedenim
668 1565 724 1605 nec
737 1542 868 1627 conjugis
883 1556 970 1620 artes,
1049 1548 1070 1608 5

100 1639 161 1703 Nec
175 1662 272 1723 genus
287 1642 449 1717 amborum,
464 1639 622 1723 magnique
637 1641 769 1723 potentia
782 1641 874 1723 regni,

101 1738 144 1800 Sic
158 1739 301 1822 placuere
316 1738 367 1815 illi,
379 1738 512 1822 quamvis
522 1760 558 1800 ea
572 1751 678 1800 cuncta
689 1739 857 1823 placebant,

100 1834 139 1898 Ut
151 1859 205 1899 sua
219 1837 394 1920 progenies:
417 1849 447 1898 et
462 1835 626 1902 felicissima
645 1850 771 1898 matmm

99 1933 185 1997 Dicta
199 1933 276 1996 soret
289 1933 400 2011 Niobe,
414 1935 438 1996 si
453 1955 512 1996 non
526 1933 579 1996 sibi
595 1933 658 1995 visa
672 1933 783 1994 suisset.

99 2031 174 2094 Nam
188 2047 253 2095 sata
267 2031 394 2109 Tiresia,
409 2033 525 2094 venturi
539 2032 672 2115 praescia,
688 2029 794 2093 Manto

99 2129 155 2193 Per
168 2131 283 2193 medias
298 2129 404 2207 suerat,
419 2130 519 2192 divino
533 2130 648 2192 concita
662 2143 756 2206 motu,

99 2226 265 2290 Vaticinata
279 2228 357 2290 vias:
382 2227 575 2304 ‘Ismenides,
590 2228 629 2290 ite
644 2226 822 2311 frequentes,

98 2323 135 2386 Et
151 2326 218 2388 date
235 2325 369 2403 Latona,
384 2324 634 2407 Latonigenisque
650 2325 773 2400 duobus,

99 2422 174 2485 Cum
190 2444 281 2506 proce
294 2424 381 2485 thura
395 2423 461 2505 pia:
485 2422 626 2504 lauroque
640 2422 778 2484 innectite
792 2421 915 2484 crinem.

97 2521 155 2583 Ore
170 2543 239 2583 meo
253 2521 370 2584 Latona
381 2520 487 2604 jubet’
532 2520 672 2583 Paretur:
696 2532 725 2581 et
740 2541 842 2582 omnes
1029 2522 1068 2582 15

98 2617 265 2681 Thebaides
276 2619 364 2703 jussis
378 2640 431 2680 sua
446 2632 579 2701 tempora
593 2617 740 2681 frondibus
755 2630 875 2680 ornant:

98 2714 256 2800 'llruraque
271 2717 342 2779 dant
355 2717 462 2779 sanctis
477 2730 508 2778 et
523 2718 611 2778 verba
626 2717 787 2799 precantia,
802 2716 938 2777 flammis.
978 2780 984 2791 ‚
1060 2773 1062 2775 ,

136 2813 219 2875 Ecce
236 2814 316 2875 venit
330 2814 471 2876 comitum
487 2813 585 2876 Niobe
599 2813 789 2876 celeberrima
804 2811 900 2887 turba,

99 2909 236 2974 Vestibus
250 2911 364 2973 intexto
380 2911 517 2994 Phrygiis
532 2911 698 2995 spectabilis
714 2930 800 2970 auro:

99 3007 144 3085 Et,
160 3022 302 3092 qnantum
317 3009 360 3070 ira
372 3009 449 3085 sinit,
465 3008 606 3071 formosa:
630 3028 810 3090 movensque
825 3007 933 3070 decoro
1024 3010 1066 3072 20

99 3104 173 3167 Cum
187 3106 287 3188 capite
302 3106 445 3168 immissos
460 3107 616 3167 humerum
631 3128 684 3188 per
698 3120 854 3190 utrumque
869 3107 989 3190 capillos

100 3200 252 3266 Constitit:
276 3217 368 3287 utque
383 3204 483 3265 oculos
498 3204 675 3266 circumtulit
689 3204 749 3266 alta
763 3206 923 3287 superbos;

101 3299 189 3373 ‘Quis
205 3300 284 3364 furor
298 3302 432 3377 auditos‚’
449 3301 552 3385 inquit,
568 3309 576 3337 ‘
585 3323 755 3385 preponere
773 3302 839 3365 visis

102 3396 263 3462 Coelestes?
286 3412 338 3462 aut
352 3421 405 3461 cur
417 3399 523 3461 colitur
536 3399 652 3461 Latona
667 3422 721 3483 per
736 3421 816 3472 aras3

103 3491 213 3559 Numen
227 3497 326 3560 adhuc
340 3497 403 3558 sine
417 3497 503 3559 thure
515 3517 615 3558 meum
626 3500 691 3559 est?
714 3495 789 3557 Mihi
800 3490 942 3553 Tantalus
953 3501 1063 3567 auctor,
