2356 4110
99 329 142 390 60
411 333 755 384 nnrnmoarrrosron

100 485 216 568 Stipite,
232 484 281 568 qui
296 483 394 546 media
408 484 519 566 positus
534 482 663 544 fumabat
677 483 706 544 in
721 481 799 560 aula,

99 582 248 661 Perculit3
271 596 302 643 et
316 580 412 642 fractis
426 580 558 642 confudit
572 581 601 642 in
616 580 727 641 ossibus
741 601 803 642 ora.

99 678 190 741 Hunc
205 679 254 740 ubi
268 679 401 740 laudatos
412 677 573 762 jactantem
587 678 617 739 in
631 677 771 758 sanguine
787 677 885 738 vultus

99 775 238 858 Assyrius
253 776 324 837 vidit
338 775 486 858 Lycabas,
497 775 696 859 junctissimus
710 773 751 835 illi
1030 777 1071 838 60

99 871 141 934 Et
154 894 265 948 comes,
281 887 311 934 et
333 873 394 935 veri
409 895 466 934 non
482 872 675 935 dissimulator
690 871 814 947 amoris3

99 970 262 1055 Postquam
277 971 466 1032 exhalantem
480 970 534 1032 sub
548 970 654 1031 acerbo
669 968 789 1030 vulnere
804 969 895 1030 vitam

99 1067 275 1150 Deploravit
288 1068 404 1144 Athin3
427 1088 499 1150 quos
514 1067 562 1128 ille
577 1065 751 1142 tetenderat,
766 1086 850 1127 arcus

98 1165 237 1247 Adripit3
260 1179 300 1240 et,
316 1171 324 1200 ‘
340 1163 465 1225 Mecum
479 1163 530 1224 tibi
545 1162 603 1224 sint
616 1162 796 1239 certamina,’
813 1162 917 1232 dixitt,

99 1261 147 1322 ‘N
149 1283 185 1322 ec
199 1261 318 1342 longhm
333 1260 416 1343 pueri
431 1259 490 1320 sato
504 1259 657 1335 laetabere3
680 1280 739 1342 quo
753 1259 819 1341 plus
1028 1261 1068 1323 65

98 1357 229 1434 Invidiae,
245 1357 333 1440 quam
348 1357 452 1433 laudis,
467 1356 579 1417 habes’
624 1354 699 1417 Haec
714 1355 812 1417 omnia
825 1356 957 1418 nondum

99 1453 243 1516 Dixerat:
267 1453 387 1515 emicuit
401 1474 492 1515 nervo
507 1453 686 1535 penetrabile
701 1453 811 1515 telum:

100 1551 304 1635 Vitatumque,
319 1565 418 1613 tamen
435 1550 552 1613 sinuosa
566 1564 648 1612 veste
663 1550 815 1633 pependit.

101 1647 198 1710 Vertit
213 1650 241 1710 in
256 1650 335 1711 hunc
350 1650 471 1732 harpen,
487 1661 650 1731 spectatam
664 1648 744 1709 caede
758 1645 906 1724 Medusa,

99 1746 327 1823 Acrisioniades,
342 1745 490 1829 adigitque
505 1747 534 1808 in
549 1759 664 1829 pectus.
708 1744 753 1806 At
766 1745 816 1806 ille
1027 1749 1069 1807 70

99 1843 119 1904 J
121 1866 167 1905 am
181 1844 320 1920 moriens,
335 1843 425 1906 oculis
440 1843 494 1905 sub
509 1856 596 1905 nocte
611 1842 774 1905 natantibus
789 1841 862 1918 atra,

99 1940 319 2024 Circumspexit
333 1941 444 2003 Athin:
467 1961 558 2024 seque
574 1939 730 2002 adclinavit
744 1939 773 2001 in
788 1939 890 2001 illum:

100 2037 141 2099 Et
155 2038 221 2099 tulit
235 2038 272 2100 ad
286 2059 388 2099 manes
399 2037 506 2122 juncta
521 2038 623 2099 solatia
636 2037 746 2098 mortis.

142 2135 208 2196 Nec
223 2135 354 2196 Phineus
370 2157 456 2196 ausus
470 2156 642 2197 concurrere
656 2135 788 2196 cominus
803 2133 889 2210 hosti,

99 2231 250 2314 lntorquet
261 2231 410 2315 jaculum:
434 2232 512 2314 quod
528 2232 632 2293 detulit
645 2253 724 2293 error
738 2231 768 2293 in
784 2231 868 2308 Idan,
1027 2233 1069 2293 75

100 2328 266 2411 Expertem
281 2327 385 2390 frustra
397 2329 477 2406 belli,
492 2343 522 2390 et
536 2342 640 2391 neutra
653 2349 734 2390 arma
751 2341 896 2391 secutum.

98 2425 153 2488 Ille
168 2440 253 2488 tuens
268 2427 359 2487 oeulis
374 2427 516 2497 immitem
530 2426 648 2488 Phinea
661 2427 760 2502 torvis,

100 2502 370 2605 ‘Qirandoquidem
385 2523 414 2584 in
429 2523 547 2605 partes,'
563 2524 613 2599 ait,
625 2529 634 2559 ‘
644 2523 803 2599 abstrahor,
814 2522 927 2605 accipe,
938 2520 1068 2598 Phineu,

99 2618 203 2691 Quem
218 2618 311 2680 fecisti
325 2619 451 2695 hostem,
466 2641 616 2702 pensaque
632 2621 689 2682 hoc
704 2620 825 2682 vulnere
840 2620 977 2682 vulnus.'

98 2715 225 2800 Jamque
240 2718 409 2779 remissums
424 2730 549 2778 tractum
563 2717 600 2777 de
616 2738 737 2799 corpore
752 2718 845 2779 telum
1027 2719 1069 2778 80

99 2814 246 2896 Sanguine
262 2816 391 2878 desectos
406 2815 512 2878 cecidit
525 2815 671 2897 collapsus
685 2815 714 2876 in
730 2829 818 2876 artus.

142 2911 201 2972 Hic
218 2935 333 2995 quoque
349 2913 530 2996 Cephenum
544 2926 610 2995 post
624 2932 725 2993 regem
740 2912 850 2994 primus
865 2911 972 2974 Odites

99 3008 180 3069 Ense
192 3008 272 3090 jacet
287 3009 447 3090 Clymeni:
471 3009 634 3071 Protenora
648 3010 772 3091 perculit
787 3008 950 3092 Hypseus:

99 3105 225 3188 Hypsea
239 3105 400 3187 Lyncides,
445 3105 516 3167 Fuit
531 3119 561 3166 et
575 3107 745 3187 grandaevus
760 3106 790 3167 in
804 3107 860 3168 illis

98 3203 269 3278 Emathion,
286 3202 361 3285 aequi
376 3203 481 3277 cultor,
496 3202 672 3286 timidusque
688 3203 830 3264 deorum:
1027 3205 1071 3267 85

98 3300 201 3372 Quem
217 3300 354 3382 quoniam
370 3299 526 3381 prohibent
541 3301 608 3361 anni
623 3301 744 3378 bellare,
759 3300 909 3383 loquendo

28 3439 30 3444 ,
97 3397 215 3479 Pugnat
228 3420 235 3474 3
258 3411 288 3459 et
302 3397 429 3474 incessit,
444 3397 643 3480 scelerataque
659 3399 787 3459 devovet
806 3419 896 3459 arma.

98 3493 178 3557 Huic
193 3495 331 3560 Chromis
345 3496 485 3584 amplexo
499 3495 629 3557 tremulis
644 3495 744 3558 altaria
757 3495 861 3578 palmis
