2356 4110
100 315 144 375 70
415 309 760 416 narauonrnopeon

101 469 167 532 Nec
181 468 260 531 cedit
274 467 328 530 nisi
343 480 421 528 sorte
435 465 527 528 mihi?
572 463 633 526 Sed
648 476 728 525 tanta
742 460 853 544 cupido

101 566 134 630 Si
148 566 199 628 tibi
214 565 344 640 discidii;
367 576 481 646 repetat
496 562 675 645 Proserpina
689 560 800 623 coelum
809 581 829 620 :·

100 663 185 745 Lege
200 676 300 725 tamen
314 661 396 724 certh
405 684 413 737 3
436 662 459 724 si
475 662 569 723 nullos
584 660 705 741 contigit
720 658 779 720 illic

101 759 163 822 Ore
178 761 274 822 cibos:
299 781 367 821 nam
382 760 423 821 sio
439 759 600 822 Parcarum
614 758 725 819 soedere
740 768 861 818 cautum
879 755 947 817 est.’

144 858 280 921 Dixerat.
325 859 368 919 At
384 856 489 919 Cereri
503 870 617 919 eertum
632 868 676 917 est
692 855 818 915 educere
833 867 946 916 natam.
1016 857 1079 918 370

102 954 172 1018 Non
187 957 228 1018 ita
241 955 299 1018 lata
314 956 427 1017 sinunt:
452 955 590 1038 quoniam
602 952 714 1036 jejunia
729 952 811 1032 virgo

102 1053 253 1117 Solverat:
277 1068 317 1130 et,
331 1054 417 1116 cultis
432 1053 504 1114 dum
518 1052 645 1134 simplex
660 1063 736 1111 errat
751 1049 780 1111 in
795 1050 896 1127 hortis,

101 1151 279 1213 Poeniceum
293 1151 384 1212 curvi
399 1150 585 1231 decerpserat
600 1149 701 1209 arbore
721 1169 859 1229 pomum:

102 1247 287 1331 Sumptaque
303 1246 423 1329 pallenti
438 1259 552 1328 septem
568 1244 605 1305 de
620 1245 729 1306 cortice
745 1264 834 1325 grana

101 1344 254 1407 Presserat
268 1365 318 1405 ore
334 1365 404 1405 suo:
428 1343 566 1424 solusque
582 1363 622 1403 ex
636 1342 770 1403 omnibus
784 1341 856 1403 illud
1014 1345 1076 1406 375

103 1441 227 1503 Viderat
242 1440 444 1522 Ascalaphus:
469 1461 558 1523 quem
574 1440 721 1522 quondam
737 1439 842 1501 dicitur
856 1438 994 1523 Orphne,

102 1538 183 1601 Inter
196 1537 361 1600 Avernales
376 1537 456 1599 haud
470 1537 650 1618 ignotissima
660 1537 819 1619 nymphas,

103 1636 154 1698 Ex
168 1637 339 1698 Acheronte
354 1657 408 1697 suo
422 1634 513 1697 survis
528 1635 677 1718 peperisse
693 1635 747 1695 sub
762 1633 861 1696 antris

103 1732 202 1796 Vidit:
227 1748 257 1796 et
271 1733 379 1795 indicio
393 1732 517 1794 reditum
531 1732 657 1793 crudelis
672 1730 792 1794 ademit.

101 1830 251 1914 Ingemuit
264 1832 365 1913 regina
379 1830 488 1906 Erebi;
511 1843 675 1913 testemque
691 1829 842 1912 profanam
1013 1831 1078 1894 380

102 1928 189 1992 Fecit
205 1952 307 1992 avem:
331 1948 523 2011 sparsumque
538 1939 629 2009 caput
643 1925 893 2008 Phlegethontide
907 1924 1037 2009 lymphis

100 2025 137 2088 In
151 2041 287 2102 rostrum,
303 2040 333 2087 et
348 2026 473 2107 plumas,
489 2037 519 2085 et
533 2023 654 2105 grandia
666 2023 778 2085 lumina
793 2022 889 2085 vertit.

101 2121 155 2183 Ille
171 2123 224 2184 sibi
239 2124 351 2184 ablatus
366 2121 452 2183 fulvis
466 2120 599 2182 amicitur
613 2120 649 2181 ab
664 2120 734 2196 alis3

101 2217 195 2301 Inque
210 2232 300 2302 caput
314 2218 436 2294 crescit;
458 2219 620 2300 longosque
635 2217 796 2279 reflectitur
809 2237 942 2300 ungues3

102 2314 224 2398 Vixque
238 2329 339 2377 movet
353 2329 435 2378 natas
450 2336 503 2399 per
517 2315 619 2377 inertia
633 2314 752 2377 brachia
767 2336 897 2398 pennas;
1012 2318 1077 2383 385

100 2413 128 2475 F
130 2414 256 2497 oedaque
270 2415 303 2475 fit
317 2415 452 2491 volucris
468 2414 582 2476 venturi
597 2414 699 2476 nuntia
712 2413 818 2491 lucttis,

99 2509 229 2592 Ignarus
243 2510 334 2586 bubo,
349 2511 445 2572 dirum
459 2511 628 2572 mortalibus
643 2533 743 2572 omen.

143 2608 187 2669 At
199 2607 314 2668 medius
330 2606 481 2689 fratrisque
497 2607 542 2669 sui
555 2622 728 2691 moestaeque
739 2608 846 2671 sororis

99 2703 217 2788 Jupiter
232 2725 271 2767 ex
287 2726 370 2788 aequo
386 2705 554 2767 volventem
569 2704 671 2768 dividit
686 2727 806 2768 annum.

99 2801 188 2866 Nunc
204 2803 270 2880 dea,
285 2825 440 2885 regnorum
455 2825 565 2865 numen
579 2825 737 2866 commune
753 2804 888 2881 duorum,
1011 2808 1077 2870 390

99 2900 181 2962 Cum
195 2915 288 2963 matre
304 2916 349 2964 est
364 2902 497 2978 totidem,
513 2901 634 2964 totidem
649 2922 718 2963 cum
732 2899 858 2985 conjuge
872 2922 1001 2964 menses.

100 2995 233 3058 Vertitur
247 3000 399 3080 extemplo
413 2999 513 3075 facies,
528 3013 558 3061 et
572 2999 689 3075 mentis,
705 3012 735 3060 et
749 2999 822 3060 on's:

98 3092 128 3155 N
130 3115 188 3171 am,
203 3094 292 3156 modb
309 3117 372 3178 quae
386 3109 502 3178 poterat
516 3094 581 3158 Diti
596 3117 713 3179 quoque
727 3109 834 3158 moesta
849 3096 952 3175 videri,

98 3193 182 3255 Laeta
197 3193 258 3255 deae
273 3190 351 3254 srons
366 3206 430 3254 est:
454 3205 487 3254 ut
501 3194 554 3270 sol,
570 3195 619 3276 qui
634 3208 729 3256 tectus
743 3196 860 3278 aquosis

98 3289 234 3354 Nubibus
248 3290 316 3353 ante
331 3289 394 3367 fuit,
410 3289 494 3352 victis
507 3291 557 3352 uhi
572 3292 697 3355 nubibus
712 3291 784 3354 exit.
1012 3294 1076 3357 395
