2356 4110
156 188 218 250 140
465 191 814 244 marmorenosuorr

154 343 328 420 Decertare,
343 344 460 426 placet3
480 341 662 427 Tatiumque
675 342 936 426 secedereuegno.
1072 348 1126 410 155

196 440 355 504 Occiderat
369 439 485 515 Tatius,
500 440 675 523 populisque
687 453 803 523 aquata
817 439 944 517 duobis,

154 537 296 614 Romule,
307 537 373 621 jura
388 537 494 599 dabas:
510 537 615 619 :positi
627 537 696 599 cirm
710 536 824 598 casside
838 534 962 603 Mavors

154 633 277 696 Talibus
292 634 396 696 affatur
408 634 569 717 divrimque
585 634 796 716 hominumque
812 647 985 715 parentem:

155 730 308 813 ‘Tempus
323 731 417 807 adest,
432 732 554 812 genitor,
572 730 725 816 (quoniam
740 728 910 792 fundamine
926 752 1036 814 magno

155 827 220 889 Res
235 827 372 890 Romana
387 829 476 904 valet,
491 849 547 892 nec
562 827 683 910 praeside
695 826 808 908 >pendet
823 825 951 912 abnuo)
1061 828 1123 892 too

155 924 289 1002 Praemia,
306 948 368 1008 quae
385 926 525 1008 promissa
540 925 611 987 mihi
626 924 773 1005 dignoque
788 924 901 1006 nepoti,

156 1022 289 1098 Solvere,
305 1037 335 1084 et
350 1022 479 1084 ablatum
494 1022 576 1084 terris
591 1021 741 1102 imponere
756 1021 845 1082 coelo.

155 1118 206 1181 Tu
221 1120 292 1181 mihi
307 1120 431 1182 concilio
447 1117 593 1201 quondam
609 1130 751 1200 presente
767 1116 900 1194 deorum,

159 1215 253 1300 (Nam
268 1236 410 1291 memom,
424 1213 605 1298 memorique
620 1214 719 1275 animo
735 1214 783 1296 pia
798 1214 888 1276 verba
902 1214 1020 1301 notavi)

157 1312 272 1374 “Unus
287 1312 351 1388 erit,
368 1333 457 1395 quem
471 1325 502 1372 tu
517 1311 602 1372 tolles
617 1312 645 1372 in
660 1312 764 1373 caemla
779 1310 880 1387 coeli,'’
1071 1313 1127 1374 165

156 1408 278 1471 Dixisti.
322 1408 402 1471 Rata
416 1409 453 1470 sit
468 1408 623 1470 verborum
636 1429 751 1469 summa
765 1406 905 1469 tuorum.'

192 1506 313 1568 Annuit
328 1505 522 1589 omnipotens,
537 1518 567 1567 et
581 1505 706 1567 nubibus
721 1507 789 1566 aera
802 1505 888 1567 caecis

157 1604 307 1680 Occuluit,
323 1603 489 1686 tonitruque
505 1616 535 1663 et
550 1601 663 1682 fulgure
680 1602 780 1664 terruit
795 1600 922 1664 Urbem.

157 1700 234 1774 Quae
250 1702 303 1763 sibi
318 1701 467 1784 promisse
482 1700 571 1762 sensit
585 1699 653 1761 data
667 1699 747 1780 signa
762 1699 881 1781 rapinae,

157 1799 338 1883 innixusque
353 1801 453 1875 hastae,
468 1819 584 1882 pressos
598 1810 717 1859 temone
731 1810 853 1859 cruento

156 1896 326 1979 Impavidus
340 1896 510 1960 conscendit
525 1917 615 1978 equos
631 1893 789 1970 Gradivus,
804 1907 835 1955 et
849 1893 909 1956 ictu

158 1991 297 2057 Verberis
312 1994 473 2077 increpuit:
497 2013 680 2075 pronumque
695 2012 749 2074 per
763 1993 831 2053 aera
845 1992 945 2075 lapsus

157 2088 298 2151 Constitit
313 2090 341 2151 in
356 2111 473 2151 summo
487 2090 631 2151 nemorosi
646 2089 722 2150 colle
737 2087 851 2150 Palati:

157 2184 407 2269 Reddentemque
422 2207 476 2248 suo
486 2184 548 2270 jam
563 2186 643 2268 regia
653 2184 720 2270 jura
734 2183 845 2257 Quiriti

156 2284 287 2345 Abstulit
302 2282 423 2346 Iliaden.
468 2282 587 2367 Corpus
602 2283 723 2346 mortale
739 2303 793 2364 per
808 2302 894 2344 auras
1072 2285 1133 2344 175

156 2379 314 2461 Dilapsum
330 2395 450 2442 tenues:
474 2402 529 2442 ceu
544 2379 605 2442 latit
619 2381 758 2463 plumbea
772 2377 864 2441 fundit

156 2475 250 2539 Missa
264 2477 338 2538 solet
353 2478 451 2538 medio
466 2477 548 2558 glans
563 2478 744 2540 intabescere
758 2477 847 2539 ooelo.

157 2573 286 2636 Pulchra
300 2574 377 2636 subit
392 2573 492 2649 facies,
507 2586 537 2635 et
552 2573 750 2656 pulvinaribus
765 2573 829 2636 altis

157 2671 291 2752 Dignior,
307 2686 337 2734 et
353 2672 445 2756 qualis
460 2671 581 2734 trabeati
596 2670 689 2734 sorma
703 2669 831 2743 Quirini.

198 2768 306 2833 Flebat
320 2784 353 2832 ut
368 2772 506 2834 amissum
520 2768 648 2854 conjux;
670 2767 739 2831 ciun
753 2767 833 2850 regia
846 2765 928 2831 Juuo

156 2866 216 2928 In'n
231 2867 266 2927 ad
283 2866 442 2930 Hersiliam
457 2868 637 2930 descendere
652 2865 744 2928 limite
759 2887 852 2928 curvo

156 2962 303 3045 Imperat:
327 2976 357 3024 et
372 2984 472 3025 vacuae
488 2984 540 3025 sua
554 2964 596 3026 sio
610 2963 748 3025 mandata
761 2961 880 3025 resena.

158 3060 206 3122 ‘O
222 3073 252 3122 et
267 3059 304 3121 de
319 3058 417 3135 Latia,
431 3081 450 3120 o
466 3072 496 3120 et
510 3059 547 3121 de
563 3072 650 3140 gente
666 3058 777 3122 Sabini

156 3158 355 3241 Praecipuum,
370 3171 512 3232 matrona,
528 3156 637 3233 decus3
660 3157 827 3239 dignissima
840 3157 914 3221 tanti

157 3256 239 3318 Ant'e
254 3254 343 3318 fuisse
358 3253 422 3331 viri,
436 3251 546 3337 conjux
561 3274 639 3315 nunc
654 3274 718 3317 esse
734 3254 852 3328 Quirini
860 3275 870 3333 3

158 3350 235 3416 Siste
249 3366 315 3416 tuos
330 3351 433 3416 fletus:
456 3364 498 3429 et,
513 3350 537 3414 si
551 3349 604 3414 tibi
618 3373 688 3415 cura
702 3351 821 3416 videndi
