2356 4110
151 336 192 398 16
471 336 821 388 METAMOBPHOSEON

383 621 518 664 nunni:
541 621 576 662 IN
598 619 731 662 LAURUM
752 619 892 660 MUTATA.

576 819 608 859 v.
629 797 703 856 452.

148 979 266 1042 Primus
281 999 363 1040 amor
377 977 487 1041 Phoebi
501 977 632 1060 Daphne
648 976 780 1052 Peneia3
803 999 891 1060 quem
906 999 966 1040 non
1064 981 1129 1041 430

148 1076 223 1140 Fors
238 1076 337 1158 ignara
352 1075 444 1153 dedit,
459 1075 512 1137 sed
527 1096 604 1136 saeva
619 1073 776 1156 Cupidinis
790 1074 843 1136 ira.

149 1175 255 1237 Delius
270 1174 350 1237 hunc
365 1195 469 1256 nuper,
486 1171 566 1234 victi
579 1185 716 1254 serpente
732 1173 887 1255 superbus,

149 1270 273 1334 Viderat
288 1271 417 1333 adduam
431 1270 603 1332 flectentem
618 1291 728 1331 cornua
743 1292 851 1334 nervo:

149 1369 314 1453 ‘Quidque
329 1369 392 1446 tibi,
407 1369 515 1431 lascire
531 1389 615 1451 puer,
629 1390 699 1430 cum
714 1368 834 1430 sortibus
849 1369 936 1430 armis
945 1369 968 1431 ?’

148 1467 292 1531 Dixerat:
317 1468 390 1530 ‘ista
406 1468 514 1529 decent
528 1468 666 1528 humeros
680 1467 843 1547 gestamina
857 1479 990 1543 nostros3
1062 1470 1129 1529 435

150 1564 213 1637 Qui
229 1566 298 1628 dare
313 1579 394 1628 certa
409 1565 487 1642 ferae,
503 1565 572 1627 dare
588 1564 710 1626 vulnera
724 1586 879 1647 possumus
893 1565 981 1627 hosti.

148 1661 213 1735 Qui
227 1663 327 1740 modo,
343 1663 481 1746 pestifero
495 1677 539 1725 tot
550 1662 655 1747 jugera
670 1675 772 1724 ventre
787 1675 982 1745 prementem,

148 1760 311 1822 Stravimus
325 1761 494 1839 innumeris,
509 1761 655 1823 tumidum
670 1759 821 1844 Pythona,
836 1760 968 1841 sagittis)

148 1857 243 1921 Filius
258 1859 327 1922 huic
345 1858 490 1938 Veneris;
513 1858 624 1941 ‘Figat
639 1872 706 1921 tuus
721 1859 829 1935 omnia,
844 1858 999 1935 Phoebe?

148 1956 196 2018 Te
212 1979 296 2019 meus
312 1959 416 2037 arcus,’
434 1959 474 2021 ait
483 1980 492 2036 ;
515 1957 706 2041 ‘quanteque
722 1957 857 2019 animalia
870 1957 981 2019 cedunt

148 2053 268 2117 Cuncta
282 2056 345 2131 tibi,
360 2055 442 2117 tanto
456 2056 552 2138 minor
566 2068 611 2115 est
625 2067 677 2114 tua
691 2053 783 2132 gloria
796 2052 917 2113 nostra?
1061 2056 1124 2123 441

190 2151 297 2214 Dixit:
322 2164 353 2212 et
367 2151 440 2212 eliso
455 2150 601 2232 percussis
616 2152 684 2210 aire
699 2149 804 2230 pennis

148 2248 278 2331 impiger
292 2246 431 2309 umbrosa
444 2246 582 2309 Parnassi
597 2244 725 2308 constitit
740 2267 827 2308 arce:

148 2346 236 2431 Eque
251 2344 411 2427 sagittifera
425 2344 567 2428 prompsit
583 2345 642 2406 duo
656 2344 715 2406 tela
730 2343 870 2428 pharetris

149 2445 344 2507 Diversorum
355 2465 489 2526 opemm.
535 2442 634 2525 Fugat
649 2442 717 2519 hoc,
732 2442 801 2504 facit
816 2442 887 2504 illud
903 2463 1044 2504 amorem.

148 2541 242 2615 Quod
256 2540 336 2619 facit,
352 2554 486 2603 auratum
502 2554 556 2617 est,
572 2554 602 2602 et
616 2540 739 2622 cuspide
754 2540 846 2622 fulget
863 2539 966 2602 acuta:
1060 2543 1127 2604 446

148 2638 241 2711 Quod
256 2639 347 2721 fugat,
358 2640 495 2702 obtusum
511 2651 566 2715 est,
582 2652 613 2700 et
627 2638 717 2699 habet
730 2638 785 2699 sub
800 2638 942 2700 arundine
957 2638 1125 2720 plumbum.

148 2736 217 2799 Hoc
232 2737 305 2799 deus
320 2737 351 2798 in
365 2735 501 2821 nymphi
515 2735 650 2798 Peneide
669 2735 752 2811 fixit3
774 2748 804 2796 at
819 2735 869 2797 illo

147 2832 238 2897 Lasit
252 2834 426 2918 Apollineas
441 2833 563 2919 trajecta
577 2855 631 2916 per
644 2854 709 2894 ossa
724 2833 879 2895 medullas.

148 2931 287 2995 Protinus
302 2933 376 2994 alter
391 2946 490 3009 amat3
512 2932 586 3014 sugit
600 2932 692 2994 altera
706 2953 816 2994 nomen
831 2953 879 2994 am
919 2932 967 3008 tis,
1060 2934 1128 2996 450

149 3031 296 3094 Silvarum
309 3031 438 3106 latebris,
454 3031 696 3112 captivarumque
711 3029 838 3092 feramm
869 3062 873 3067 ·

148 3128 275 3192 Exuviis
291 3127 433 3210 gaudens,
448 3127 637 3209 innuptaeque
654 3128 758 3190 amula
772 3126 917 3189 Phoebes.

149 3225 233 3289 Vitta
246 3226 404 3289 coercebat
419 3225 528 3308 positos
544 3225 606 3288 sine
621 3226 688 3309 lege
702 3224 835 3308 capillos.

148 3323 203 3386 llla
217 3323 300 3407 firgit,
315 3328 414 3409 neque
429 3323 466 3386 ad
482 3324 545 3387 haeo
559 3324 724 3386 revocantis
738 3323 828 3385 verba
842 3323 958 3386 resistit.

102 3446 106 3455 ·
149 3412 324 3505 ‘Nyrnphe‚
340 3443 454 3506 precor,
470 3421 576 3500 Penei,
592 3442 697 3484 mane:
719 3443 777 3482 non
793 3420 930 3503 insequor
943 3421 1044 3483 hostis.

149 3518 304 3603 Nympha,
317 3542 417 3583 mane.
454 3519 505 3583 Sic
519 3541 596 3602 agna
609 3518 723 3602 lupum,
738 3518 780 3580 sic
791 3538 880 3579 cerva
893 3518 1022 3595 leonem,
1059 3520 1127 3583 456

149 3615 201 3680 Sic
215 3617 342 3702 aquilam
357 3616 458 3702 penne
471 3615 585 3699 fiigiunt
599 3615 764 3699 trepidante
778 3615 922 3679 columbe
930 3636 942 3695 3
