2356 4110
100 325 160 387 188
409 327 753 378 mnrauonrnosnou

96 479 243 562 Corniger
256 478 427 561 exsequitur
442 477 568 539 Veneris
587 477 743 539 mandata:
766 497 898 561 suisque,

97 577 250 660 Quicquid
266 577 294 638 in
310 575 409 637 AEnei
424 573 518 637 firerat
532 575 665 650 mortale,
680 588 828 656 repurgat,

98 673 139 737 Et
153 674 295 756 respergit
309 672 401 756 aquis.
446 671 520 733 Pars
535 671 646 753 optima
660 671 763 733 restitit
776 671 829 734 illi.

97 770 267 833 Lustratum
282 769 408 851 genitrix
422 769 521 831 divino
535 789 641 850 corpus
656 768 746 829 odore

98 867 204 943 Unxit,
219 881 250 930 et
264 867 410 929 ambrosii
423 888 492 928 oum
507 865 585 927 dulci
600 880 717 926 nectare
733 864 828 926 mixtis
1029 869 1065 930 95

99 964 233 1046 Contigit
246 986 290 1040 os,
306 963 432 1047 fecitque
448 964 553 1024 deum:
577 983 665 1045 quem
680 963 765 1023 turba
779 960 899 1034 Quirini

99 1058 261 1146 Nuncupat
276 1062 458 1144 Indigetem3
480 1061 650 1142 temploque
665 1060 779 1143 arisque
794 1061 919 1144 recepit.

142 1158 215 1221 Inde
231 1159 284 1221 sub
299 1159 421 1222 Ascanii
435 1158 543 1219 ditione
559 1157 712 1218 binominis
727 1156 817 1232 Alba,

100 1257 222 1340 Resque
238 1256 345 1317 Latina
359 1254 430 1317 suit:
452 1254 582 1315 succedit
598 1254 705 1315 Silvius
720 1254 781 1315 illi:

99 1352 173 1425 Quo
187 1367 278 1427 satus,
288 1352 408 1434 antiquo
423 1351 516 1412 tenuit
530 1351 654 1432 repetita
669 1350 793 1412 Latinus
1011 1357 1065 1416 100

100 1448 228 1511 Nomina
243 1470 311 1510 oum
326 1462 452 1530 sceptro.
498 1447 620 1510 Clarum
635 1448 710 1510 subit
727 1448 806 1509 Alba
821 1447 980 1512 latinum:

100 1543 205 1628 Epiros
220 1566 259 1606 ex
273 1545 323 1607 illo
338 1559 399 1607 est:
423 1545 582 1629 posthunc
597 1544 801 1629 Capetusque,
817 1544 1001 1630 Capysque;

100 1642 161 1705 Sed
177 1641 281 1726 Capys
296 1644 364 1704 ant'e
380 1642 443 1705 suit.
488 1642 628 1723 Regnum
644 1642 802 1704 Tiberinus
816 1643 855 1704 ab
867 1643 923 1705 illis

100 1738 192 1823 Cepit
201 1762 209 1817 ;
232 1754 262 1802 et
277 1739 305 1801 in
320 1729 413 1801 Tusci
429 1740 579 1800 demersus
594 1739 721 1801 fluminis
735 1739 821 1801 undis

100 1836 229 1899 Nomina
243 1836 311 1899 fecit
327 1858 420 1920 aquae.
464 1835 515 1898 De
531 1858 590 1920 quo
605 1835 822 1919 Remulusque,
837 1835 982 1920 feroxque
1010 1839 1068 1900 105

100 1934 211 1997 Acrota
225 1948 298 2009 sunt
308 1934 415 2016 geniti:
439 1933 585 1995 Remulus
601 1934 739 1995 maturior
753 1933 836 1995 annis

100 2031 258 2094 Fulmineo
274 2033 368 2114 periit,
384 2033 511 2093 imitator
525 2029 663 2106 fulminis,
679 2032 749 2093 ictu.

99 2126 204 2190 Fratre
219 2150 273 2189 suo
287 2142 436 2209 sceptrum
450 2127 626 2189 moderatior
641 2128 751 2190 Acrota
765 2127 831 2190 forti

99 2222 204 2286 Tradit
220 2224 386 2285 Aventino:
410 2224 459 2307 qui
475 2245 534 2306 quo
549 2224 693 2304 regnarat,
709 2225 814 2287 eodem

99 2320 205 2383 Monte
216 2321 298 2406 jacet
312 2321 441 2403 positus3
463 2320 619 2403 tribuitque
636 2321 779 2383 vocabula
795 2323 898 2385 monti.
1011 2327 1071 2386 110

98 2417 226 2502 Jamque
241 2417 382 2480 Palatina
396 2440 541 2481 summam
557 2418 653 2480 Proca
667 2420 761 2500 gentis
775 2419 913 2482 habebat.

99 2514 186 2595 Rege
201 2515 256 2576 sub
270 2515 327 2576 hoc
342 2513 477 2576 Pomona
492 2514 562 2577 suit:
587 2515 646 2598 quit
660 2517 740 2577 nulla
754 2516 876 2579 Latinas

98 2611 180 2673 luter
194 2610 419 2693 Hamadryadas
434 2613 523 2673 coluit
538 2613 682 2674 sollertibs
697 2614 807 2690 hortos,

99 2708 166 2772 Nec
182 2708 235 2771 suit
251 2709 363 2771 arborei
378 2710 531 2772 studiosior
545 2710 635 2772 altera
650 2709 755 2773 soetirs:

98 2807 188 2870 Unde
203 2821 285 2870 tenet
300 2830 419 2870 nomen.
465 2806 534 2870 Non
550 2807 637 2869 silvas
652 2809 711 2884 illa,
727 2831 783 2870 nec
802 2831 922 2887 amnes;
1012 2814 1072 2873 115

99 2905 164 2968 Rus
180 2920 268 2988 amat,
284 2920 314 2968 et
329 2928 434 2982 ramos,
451 2906 545 2969 felicia
560 2927 648 2988 poma
663 2905 800 2969 serentes.

99 3001 166 3063 Nec
177 3002 276 3084 jaculo
291 3005 386 3082 gravis
401 3019 456 3080 est,
470 3006 523 3066 sed
539 3003 653 3065 adunes
668 3003 790 3066 dextera
805 3003 900 3068 salce:

99 3097 173 3170 Qut
188 3098 276 3159 modb
291 3099 438 3160 luxuriem
454 3102 570 3182 premit,
586 3115 616 3163 et
630 3100 784 3184 spatiantia
798 3103 906 3184 passim

99 3195 227 3257 Brachia
240 3198 420 3277 compescit:
443 3198 510 3259 fissi
524 3198 613 3260 modb
627 3199 737 3260 cortice
752 3200 864 3284 virgam

99 3291 215 3369 luserit,
231 3306 261 3354 et
274 3313 378 3354 succos
394 3293 489 3355 alieno
504 3309 621 3376 praestat
636 3297 764 3358 alumno.
1012 3301 1074 3362 120

100 3386 166 3451 Nec
181 3390 290 3472 patitur
304 3389 410 3452 sentire
425 3390 519 3452 sitim:
541 3391 705 3478 bibulaque
721 3415 858 3457 recurvas

101 3480 222 3547 Radicis
236 3487 322 3550 fibras
336 3487 499 3551 labentibus
513 3488 609 3570 irrigat
623 3491 719 3553 undis.
