2356 4110
149 374 192 436 20
459 376 807 428 nnrnnonrnosson

151 529 253 593 Pleias
264 529 352 592 enixa
368 540 428 589 est:
451 528 569 611 letoque
585 527 646 603 det,
660 526 793 609 imperat,
808 525 935 607 Argum.

151 624 248 689 Parva
261 648 344 688 mora
358 639 412 702 est,
428 626 488 687 alas
504 624 639 708 pedibus,
655 623 825 706 virgamque
840 622 955 705 potenti
1060 626 1127 690 550

151 722 345 786 Somniseram
360 723 517 806 sumpsisse
532 744 630 797 manu,
645 721 834 805 tegimenque
848 721 972 804 capillis.

151 819 225 883 Haec
239 822 289 883 ubi
304 821 456 904 disposuit,
472 819 567 902 patriai
580 819 658 882 Jove
673 833 760 880 natus
774 819 811 879 ab
826 839 894 880 arce

151 917 259 980 Desilit
273 917 303 979 in
318 931 418 979 terras.
462 916 528 980 lllic
541 918 730 999 tegimenque
745 915 881 991 removit,

151 1013 193 1077 Et
207 1015 303 1097 posuit
318 1036 446 1097 pennas:
470 1014 674 1076 tantummodo
690 1014 771 1095 virga
783 1025 899 1075 retenta
913 1025 968 1075 est.

150 1110 220 1173 Hac
235 1112 303 1194 agit,
318 1125 351 1174 ut
366 1126 543 1194 peston-per
558 1111 645 1173 devia
658 1132 724 1176 rura
738 1111 880 1193 capellas,
1061 1113 1125 1175 555

151 1209 233 1271 Dum
250 1211 340 1285 venit,
356 1210 513 1271 abductas:
537 1223 567 1270 et
582 1207 698 1270 structis
712 1221 812 1270 cantat
826 1208 937 1270 arenis.

194 1304 279 1368 Voce
294 1305 373 1368 novis
386 1319 491 1388 captus
506 1318 603 1369 custos
617 1305 774 1382 lunonius,
789 1305 853 1367 ‘At
867 1320 911 1383 tu,

151 1401 314 1487 ‘Quisquis
329 1424 372 1479 es,
387 1403 444 1465 hoc
459 1417 576 1485 poteras
591 1424 709 1465 mecum
724 1403 877 1465 considere
892 1403 987 1480 saxo,’

150 1498 250 1580 Argus
265 1499 321 1561 ait:
346 1505 463 1582 ‘neque
478 1501 557 1562 enim
571 1500 672 1582 pecori
687 1499 850 1562 foecundior
863 1501 925 1563 ullo

104 1648 144 1675 ‚h
151 1595 253 1659 Herba
267 1597 333 1659 loco
348 1610 409 1659 est:
433 1611 591 1681 aptamque
607 1598 689 1660 vides
705 1599 868 1680 pastoribus
881 1592 1037 1661 umbram.²
1062 1624 1086 1667 ,·

111 1680 121 1729 ³
151 1693 234 1757 Sedit
247 1693 444 1770 Atlantiades,
459 1709 490 1756 et
509 1709 629 1757 euntem
644 1697 736 1758 multa
749 1695 898 1778 loquendo
1060 1696 1122 1757 561

150 1791 286 1855 Detinuit
301 1814 436 1854 sermone
452 1792 547 1855 diem:
567 1792 735 1877 junctisque
750 1793 885 1856 canendo
1055 1778 1063 1785 ’

152 1888 280 1952 Vincere
297 1890 483 1953 arundinibus
498 1890 644 1954 servantia
657 1891 769 1953 lumina
782 1904 893 1954 tentat:

150 1985 204 2050 Ille
218 2001 318 2050 tamen
333 2002 444 2071 pugnat
457 1991 561 2051 molles
576 1989 712 2051 evincere
726 2010 861 2051 somnos:

151 2083 202 2160 Et,
218 2087 350 2168 quamvis
365 2106 454 2168 sopor
467 2101 512 2149 est
526 2087 679 2149 oculorum
693 2098 776 2168 parte
791 2096 946 2168 receptus;
1060 2086 1126 2147 565

150 2181 241 2244 Parte
255 2196 354 2243 tamen
369 2182 480 2262 vigilat.
524 2181 638 2254 Quoen't
654 2203 782 2266 quoque,
800 2180 943 2268 (namque
958 2195 1077 2266 reperta

150 2277 266 2341 Fistula
280 2299 376 2361 nuper
391 2277 467 2364 erat)
485 2278 544 2362 quit
558 2279 594 2342 sit
608 2279 720 2342 ratione
735 2293 861 2363 reperta.

150 2374 237 2439 Talia
252 2376 379 2438 dicturus
396 2376 469 2439 vidit
483 2376 639 2460 Cyllenius
653 2399 755 2440 omnes

101 2508 126 2517 -·
151 2474 348 2536 Succubuisse
363 2475 475 2552 oculos,
492 2474 691 2559 adopertaque
706 2475 817 2537 lumina
838 2495 952 2538 somno.

151 2571 314 2654 Supprimit
329 2572 482 2654 extemplo
497 2593 619 2634 vocem:
641 2573 795 2655 firmatque
810 2593 958 2655 soporem,
1061 2574 1126 2635 570

151 2668 308 2751 Languida
321 2669 508 2751 permulcens
522 2668 670 2759 medicati
682 2669 793 2732 lumina
807 2669 900 2751 virgi.

152 2764 219 2829 Nec
234 2762 332 2830 mora:
355 2767 461 2829 falcato
476 2779 630 2829 nutantem
644 2766 777 2829 vulnerat
793 2787 874 2844 ense,

153 2863 226 2936 Qus
239 2865 316 2928 collo
331 2867 445 2929 confine
459 2878 566 2960 caput:
589 2886 721 2949 saxoque
735 2877 891 2928 cruentum

152 2959 282 3045 Dejicit3
304 2976 334 3026 et
348 2965 476 3027 maculat
491 2976 667 3047 preruptam
680 2963 820 3045 sanguine
835 2976 964 3026 cautem.

152 3057 245 3140 Arge,
256 3059 355 3143 jaces:
379 3060 516 3144 quodque
532 3062 562 3123 in
576 3075 620 3124 tot
633 3061 744 3123 lumina
758 3061 858 3122 lumen
871 3059 1002 3145 habebas
1062 3062 1126 3123 575

152 3156 343 3219 Exstinctum
357 3169 419 3218 est:
441 3170 621 3239 centumque
636 3159 737 3221 oculos
751 3178 813 3219 nox
827 3170 1038 3240 occupatura.

153 3253 276 3337 Excipit
290 3254 353 3330 hos,
370 3254 554 3336 volucrisque
569 3274 627 3318 suae
643 3255 779 3319 Saturnia
793 3256 897 3338 pennis

152 3350 309 3431 Collocat;
338 3364 369 3414 et
383 3350 506 3433 gemmis
520 3351 645 3414 caudam
660 3353 843 3416 stellantibus
858 3353 972 3437 implet.

92 3440 96 3445 ’
195 3448 333 3512 Protinus
348 3449 467 3527 exarsit,
481 3470 539 3513 nec
553 3462 690 3534 tempora
704 3451 815 3515 distulit
829 3451 888 3529 ire,

153 3544 393 3633 Horriseramque
407 3548 500 3613 oculis
515 3547 671 3634 animoque
685 3536 945 3635 objecirEririnyn
1062 3552 1129 3615 580
