2356 4110
449 305 533 370 nux,
556 306 700 357 nuncu.

10 508 12 536 ,
81 455 123 520 At
136 478 196 520 non
211 456 262 519 ille
278 454 351 518 deus
365 476 470 539 pacem
486 456 560 517 intra
575 456 683 518 moenia
697 455 777 519 finit:

10 541 13 562 ¹
121 553 281 618 Auxilium
295 565 359 614 toto
372 551 524 637 spargittiu
538 552 608 614 orbe
624 574 721 615 suum.

83 648 164 722 Quid
180 665 281 713 tamen
296 650 354 712 hoc
368 650 498 733 prodest,
513 648 612 713 medii
625 650 649 712 si
663 650 729 712 luce
745 650 901 734 palemque

125 747 285 824 Verberor,
300 761 330 809 et
344 761 412 810 tute
426 769 485 811 non
500 747 569 810 licet
583 768 648 809 esse
663 747 758 810 mihi?

88 841 163 927 Ergo
177 867 235 909 nec
249 845 333 906 nidos
348 843 422 909 soliis
436 844 555 920 herere,
570 865 626 905 nec
640 844 729 906 ullam

125 943 252 1005 Sedibus
267 941 296 1003 in
311 941 414 1022 nostris
428 956 504 1004 stare
521 940 623 1004 videtis
637 960 735 1003 avem.

94 1036 127 1101 At
141 1039 226 1121 lapis,
240 1037 271 1100 in
284 1058 366 1100 ramo
380 1038 455 1100 sedit
471 1037 637 1121 quicunque
652 1037 774 1114 bifurco,

126 1135 240 1213 Haeret,
255 1148 286 1206 ct
299 1148 332 1197 ut
346 1134 435 1218 capti
449 1135 542 1197 victor
556 1135 584 1196 in
599 1155 666 1196 arce
679 1146 788 1195 manet.

93 1227 200 1294 Cetera
215 1253 293 1315 saepe
308 1246 406 1294 tamen
422 1231 545 1314 potuere
560 1230 686 1292 admissa
700 1229 809 1311 negari,

128 1328 168 1390 Et
181 1329 293 1390 crimen
308 1350 367 1392 nox
383 1341 428 1390 est
442 1327 567 1390 inficiata
581 1348 677 1389 suum.

83 1417 192 1487 Nostra
206 1437 288 1486 notat
302 1423 384 1487 fusco
399 1425 502 1509 digitos
516 1423 618 1508 injuria
632 1443 732 1502 succo,

126 1521 408 1587 Corticecont'ecres
422 1521 568 1583 inficiente
582 1541 696 1583 manus.

70 1610 138 1680 Ille
151 1641 237 1681 cmor
249 1639 333 1682 meus
348 1631 409 1682 est:
432 1618 482 1680 illo
495 1617 640 1682 maculata
653 1638 756 1680 cruore

127 1714 196 1778 Non
211 1714 378 1801 profecturi
392 1715 497 1778 dextm
511 1715 624 1778 lavatur
638 1714 726 1799 aquit.

60 1805 116 1870 Ο
129 1835 194 1895 ego,
209 1814 279 1876 curn
293 1814 385 1897 louge
398 1825 544 1876 venerunt
557 1813 642 1876 taedia
657 1813 735 1889 vitae,

126 1909 237 1993 Optavi
254 1910 367 1993 quoties
382 1910 462 1974 arida
477 1909 553 1973 sacta
568 1910 659 1974 mori!

51 1999 195 2091 thavi
211 2007 335 2091 quotieS,
350 2020 400 2073 aut
414 2029 493 2073 caeco
508 2006 622 2070 turbine
636 2008 720 2082 verti,

38 2154 47 2161 .
127 2106 190 2168 Aut
205 2105 301 2171 valido
314 2105 394 2171 missi
409 2104 535 2169 fulminis
550 2104 617 2187 igne
632 2104 710 2188 peti!

49 2198 185 2286 Atque
199 2201 311 2264 utinam
326 2202 427 2267 subitae
441 2214 578 2284 raperent
593 2223 659 2265 mea
673 2222 762 2284 poma
776 2201 922 2283 procelle,

127 2298 186 2361 Vel
202 2320 318 2386 possem
332 2297 441 2364 fructus
456 2312 596 2362 excutere
610 2299 673 2381 ipsa
689 2319 781 2362 meos.

54 2387 144 2472 Sic,
159 2395 211 2458 ubi
225 2395 356 2459 detracta
370 2407 415 2461 est
430 2417 447 2457 a
462 2408 491 2461 te
506 2394 558 2457 tibi
572 2415 661 2457 causa
676 2394 788 2478 pericli,

126 2490 219 2566 Quod
234 2505 377 2575 superest,
392 2505 498 2568 tutum,
514 2490 639 2554 Pontice
653 2504 758 2569 castor,
773 2492 876 2556 habes.

58 2587 168 2666 Quid
181 2589 255 2651 mihi
269 2602 339 2655 tuuc
353 2589 441 2654 animi
456 2601 511 2668 est,
525 2590 594 2652 cum
608 2589 697 2653 sumit
711 2589 770 2653 tela
784 2591 876 2653 viator
884 2610 893 2668 ;

127 2685 229 2768 Atque
244 2686 335 2748 oculis
351 2686 441 2769 plagae
457 2685 583 2751 destinat
597 2687 665 2749 antis
680 2687 799 2750 locum?

71 2774 151 2844 lieo
166 2783 259 2845 vitare
274 2783 342 2845 licet
356 2797 438 2845 moto
452 2782 513 2846 fera
528 2784 649 2849 verbera
662 2797 776 2859 trunco,

127 2877 229 2953 Quem
244 2881 299 2942 sub
313 2881 405 2947 humo
418 2881 502 2946 mdix
516 2881 670 2964 vinclaque
685 2881 767 2943 firma
781 2891 893 2944 teuent.

79 2978 220 3064 Corpora
234 2981 398 3064 prebemus
413 2981 522 3063 plagis:
544 2994 578 3045 ut
591 3002 669 3063 saepe
684 2979 805 3062 sagittis,

128 3077 208 3140 Cum
222 3078 350 3162 populus
364 3078 492 3144 manicas
507 3077 677 3160 deposuisse
693 3090 790 3141 vetat:

84 3170 165 3236 Utve
180 3196 301 3256 gravem
315 3174 443 3239 caudens
457 3174 508 3236 ubi
522 3175 584 3240 tolli
598 3196 689 3238 vacca
706 3176 842 3253 securim,
994 3174 1054 3235 155

129 3272 191 3333 Aut
205 3272 305 3353 stringi
319 3271 427 3337 cultros
441 3272 471 3335 in
485 3292 539 3334 sua
552 3272 628 3335 colla
643 3272 735 3336 videt.
937 3275 942 3285 '

91 3367 171 3451 Saepe
187 3390 268 3432 meas
283 3383 373 3432 vento
388 3368 504 3431 frondes
518 3370 671 3434 tremuisse
686 3370 826 3454 puttstis:
971 3394 985 3411 »
1004 3395 1071 3460 η»,
1087 3417 1121 3457 ‚q
1140 3428 1172 3477 5

129 3465 188 3528 Sed
203 3479 300 3530 metus
315 3467 344 3533 iu
358 3466 442 3535 uobis
456 3487 545 3532 causa
558 3467 690 3533 tremoris
705 3479 780 3530 emt.
824 3551 827 3556 Ι
1050 3450 1130 3547 ἦ»,
1151 3464 1172 3523 't

1094 3560 1124 3590 „t

1116 3686 1172 3724 M

1084 3810 1124 3876 ΤΗ
