2356 4110
83 300 126 360 32
405 299 754 351 METAMORPHOSEON

84 453 173 517 Colla
182 453 256 537 jugo
271 453 406 536 eripiunt,
422 454 604 534 abruptaque
618 452 679 513 lora
693 451 871 534 relinquunt.

84 549 148 612 lllic
163 550 250 612 sraena
259 550 370 634 jacent,
385 549 444 612 illic
460 563 578 611 temone
594 549 726 610 revulsus
995 550 1058 611 315

86 648 179 723 Axis;
201 648 230 708 in
245 648 303 710 hic
317 649 389 709 radii
404 647 559 709 fractarum
574 659 657 729 parte
672 658 817 707 rotarum:

84 744 250 827 Sparsaque
265 759 332 807 suut
345 745 404 807 late
419 745 509 807 laceri
523 744 645 825 vestigia
659 741 771 805 curnis.

85 841 128 903 At
142 841 311 918 Phaethon,
326 843 426 904 rutilos
440 842 562 904 flammai
575 840 736 924 populante
750 839 883 922 capillos,

86 938 223 1000 Volvitur
236 939 267 1000 iu
281 961 423 1023 praeceps,
437 941 584 1023 longoque
600 960 654 1021 per
667 939 736 999 ae'ra
750 950 845 999 tractu

84 1034 193 1099 Fertur
201 1059 209 1112 3
230 1051 264 1099 ut
278 1038 423 1099 interdum
439 1038 476 1099 de
490 1038 569 1100 coelo
582 1036 667 1098 stella
680 1057 795 1111 sereno,
995 1038 1059 1099 320

85 1132 152 1195 Etsi
166 1155 224 1195 nou
238 1135 356 1211 cecidit,
372 1135 466 1217 potuit
481 1135 622 1196 cecidisse
638 1132 740 1194 videri.

85 1229 189 1304 Quem
203 1233 305 1314 procul
321 1254 338 1293 a
352 1232 447 1314 patria
461 1232 577 1292 diverso
590 1231 736 1292 maximus
752 1229 822 1291 orbe

85 1327 207 1410 Excipit
223 1326 379 1405 Eridanus,
394 1329 618 1411 spumantiaque
634 1327 724 1389 abluit
739 1348 800 1388 ora.

85 1424 199 1487 Naides
213 1424 366 1508 Hesperie
381 1425 476 1488 trifida
489 1426 630 1488 fumantia
644 1424 766 1486 flammi

86 1522 221 1606 Corpora
231 1523 305 1585 'dant
319 1525 450 1586 tumulo:
474 1525 648 1606 signantque
662 1523 720 1585 hoc
733 1522 863 1585 carmine
877 1543 1000 1585 saxum:

86 1620 165 1683 ‘ch
179 1621 252 1683 situs
266 1634 312 1684 est
326 1622 495 1699 Phaithon,
510 1621 611 1684 curris
628 1623 727 1703 auriga
741 1620 872 1703 paterni:
994 1623 1061 1683 326

86 1716 190 1791 Quem
204 1719 229 1780 si
243 1741 302 1781 non
317 1720 421 1796 tenuit,
436 1720 548 1802 magnis
564 1734 663 1781 tamen
678 1718 789 1781 excidit
804 1717 903 1780 ausis.'

87 1814 166 1879 Nam
181 1830 266 1900 pater
278 1817 432 1895 obductos,
447 1818 528 1879 luctu
543 1817 713 1880 miserabilis
729 1837 815 1899 aegm,

87 1913 267 1977 Condiderat
283 1915 396 1977 vultus:
420 1929 460 1991 et,
476 1916 499 1977 si
514 1916 604 1978 modo
619 1915 776 1991 credimus,
790 1935 883 1977 unum

86 2010 148 2074 Isse
164 2012 280 2075 diem
257 2034 319 2075 srne
335 2015 397 2075 sole
412 2011 545 2076 ferunt.¹
544 2012 711 2075 lucendIa.
719 2012 820 2073 lumen
995 2014 1063 2076 330

86 2094 279 2189 Praebdltant'3
301 2111 462 2194 aliquisque
477 2112 556 2173 malo
569 2110 623 2173 fuit
637 2130 706 2171 usus
720 2108 750 2171 in
765 2109 824 2170 illc.

87 2206 130 2269 At
144 2194 293 2289 Clymene
308 2221 463 2290 postquam
479 2209 562 2285 dixit,
579 2226 760 2291 quacunque
775 2205 893 2268 luemnt

86 2302 121 2365 ln
136 2304 222 2366 tantis
237 2304 362 2367 dicenda
376 2305 479 2383 malis3
501 2305 630 2388 lugubris
645 2317 675 2367 et
690 2324 802 2382 mneus,

87 2399 129 2463 Et
142 2401 250 2464 laniata
263 2402 343 2465 sinus
357 2416 450 2465 toturn
466 2404 633 2487 percensuit
648 2404 766 2465 orbem:

87 2497 309 2584 Exanimesquo
324 2514 402 2563 artus
416 2501 522 2585 primd,
536 2524 608 2565 mox
623 2523 689 2564 ossa
702 2501 863 2586 requirens,
996 2504 1063 2565 335

87 2594 213 2679 Repetit
227 2618 294 2661 ossa
306 2610 406 2660 tamen
422 2600 575 2682 peregriua
589 2600 707 2661 condita
726 2599 800 2683 ripis.

86 2693 282 2779 Incubuitque
296 2694 380 2759 loco:
404 2718 571 2782 nomenque
587 2698 617 2759 in
631 2719 775 2761 marmore
789 2698 901 2761 lectum
934 2696 940 2705 ’

9 2870 14 2880 .
37 2832 56 2877 ‚²
88 2790 221 2856 Perfudit
230 2794 384 2963 lacrymis,
398 2808 429 2858 et
443 2809 546 2879 aperto
559 2809 680 2880 pectore
696 2795 818 2869 savit.
801 2844 873 2909 11
882 2842 900 2889 ,1

6 2904 12 2923 ·’
333 2896 507 2967 1,,’,111μι
835 2888 873 2981 {2³
871 2894 890 2941 se

166 3098 170 3107 ¹
294 3046 457 3091 nnnunns
480 3051 515 3091 IN
537 3050 681 3092 ARBORES
704 3049 852 3093 mnan.

203 3142 213 3173 l

513 3232 545 3279 .v‚.
561 3213 634 3274 340.

1 3412 5 3421 ·
54 3452 56 3457 ,
131 3378 253 3444 Nec
213 3380 310 3444 mrnirs
324 3378 468 3443 Heliades
482 3380 580 3479 fletus,
594 3394 635 3460 et,
650 3380 747 3445 inania
762 3393 848 3444 mortr

88 3475 227 3558 lunera,
242 3479 312 3543 dant
326 3448 488 3563 lacrymas:
512 3492 543 3542 et
556 3500 638 3544 caesae
653 3492 774 3565 pectora
787 3478 893 3565 palmis
998 3481 1065 3547 ³40
