2356 4110
503 39 594 107 Η

530 348 638 397 LIBER
656 348 674 396 1.

109 482 179 562 Vei*
193 470 264 581 arad
270 486 419 589 dtessum,
435 474 601 587 placblique
616 488 887 597 tepentibusla'utisl

107 596 289 661 Mulcebant
304 596 428 679 zephyri
441 609 524 658 natos
540 598 602 658 sine
617 597 729 659 semine
744 596 843 660 floieo.

109 695 193 758 Mox
208 697 295 757 etiam
310 694 407 776 fruges
422 694 508 756 tellus
523 695 633 756 inarata
647 694 773 758 serebat:

109 792 144 855 N
147 815 182 856 ec
197 807 353 855 renovatus
368 813 437 874 ager
451 793 577 874 gravidis
592 795 716 856 canebat
731 794 835 856 aristis.

110 890 254 954 Flumina
263 891 325 976 jam
340 891 433 967 lactis,
444 890 508 975 jam
522 890 645 953 flumina
658 893 784 955 nectaris
799 893 895 955 ibant:

111 987 268 1071 Flavaque
283 989 320 1050 de
336 987 420 1050 viridi
434 989 581 1051 stillabant
595 989 662 1051 ilice
677 991 775 1052 mella.

157 1086 330 1171 Postquam,
345 1087 471 1150 Saturno
485 1089 640 1150 tenebrosa
654 1088 684 1150 in
698 1088 822 1151 Tartara
835 1090 935 1166 misso,
1003 1148 1006 1155 .

112 1185 178 1248 Sub
193 1184 270 1247 Jove
285 1187 411 1248 mundus
427 1200 507 1264 erat;
529 1187 617 1249 subiit
632 1201 772 1269 argentea
785 1188 893 1272 proles,

111 1283 199 1344 Auro
213 1283 348 1360 deterior,
363 1283 444 1345 sulvo
459 1285 613 1367 pretiosior
626 1307 692 1348 aare.
1028 1288 1089 1350 115

110 1380 232 1465 Jupiter
246 1381 357 1465 antiqui
371 1383 518 1445 contraxit
531 1396 666 1466 tempora
680 1383 773 1446 veris:

110 1478 233 1563 Perque
248 1480 372 1557 hiemes,
388 1494 543 1565 aestusque,
559 1495 589 1544 et
604 1482 761 1567 inaequales
776 1494 941 1560 autumnos,

111 1577 156 1639 Et
169 1579 259 1639 breve
274 1599 336 1656 ver,
352 1579 453 1661 spatiis
467 1580 566 1662 exegit
582 1593 706 1664 quatuor
719 1602 839 1643 annum.

109 1675 196 1737 Tum
209 1676 337 1759 primbm
351 1677 436 1739 siccis
451 1681 503 1739 aer
516 1677 677 1742 fervoribus
692 1694 774 1741 ustus

110 1771 261 1835 Canduit:
286 1787 316 1835 et
331 1775 425 1836 ventis
440 1776 548 1857 glacies
562 1777 699 1840 adstricta
713 1777 865 1860 pependit.
1027 1780 1089 1842 120

110 1869 195 1931 Tum
208 1871 335 1954 primbm
350 1873 465 1934 subiere
481 1874 593 1956 domos.
639 1874 756 1936 Domus
771 1888 855 1936 antra
875 1873 1002 1953 fuerunt,
1035 1952 1041 1963 .

111 1967 155 2046 Et
170 1968 253 2030 densi
267 1968 394 2048 liutices,
409 1985 439 2033 et
454 1972 558 2034 vinctae
573 1972 682 2034 cortice
697 1972 794 2053 virga.

110 2065 234 2129 Semina
248 2081 310 2130 tum
325 2068 451 2152 primbm
465 2071 559 2152 longis
574 2069 711 2133 Cerealia
726 2069 813 2132 sulcis
862 2070 865 2075 ’

109 2164 228 2228 Obruta
242 2180 320 2255 sunt,
334 2168 485 2251 pressique
497 2167 570 2252 jugo
584 2168 724 2250 gemuere
739 2167 872 2253 juvenci.

154 2263 258 2326 Tertia
273 2279 339 2348 post
352 2265 416 2328 illas
429 2267 569 2329 successit
584 2270 678 2329 aenea
691 2267 799 2350 proles,
1027 2270 1087 2331 125

110 2361 223 2424 Saevior
238 2357 370 2444 ingeniis,
385 2375 417 2426 et
432 2364 469 2425 ad
484 2364 600 2427 horrida
614 2365 775 2448 promptior
789 2385 870 2427 arma
878 2387 887 2441 ;

109 2457 142 2521 N
144 2481 181 2521 ec
194 2461 336 2522 scelerata
349 2458 460 2523 tamen.
504 2462 554 2524 De
569 2463 642 2524 duro
657 2472 701 2524 est
715 2462 818 2525 ultima
831 2460 917 2525 ferro.

109 2557 250 2620 Protinus
264 2559 403 2642 irrumpit
413 2581 496 2622 venae
510 2559 618 2644 pejoris
633 2561 662 2623 in
678 2582 772 2623 aevum

109 2654 212 2718 Omne
226 2654 323 2719 nefas:
347 2656 448 2739 lugere
463 2657 567 2740 pudor,
583 2679 755 2743 verumque,
769 2658 918 2742 fidesque:

108 2751 146 2815 ln
163 2775 287 2836 quorum
301 2755 417 2817 subiere
432 2756 530 2818 locum
544 2755 729 2840 fiaudesque,
745 2756 873 2839 dolique,
1026 2756 1087 2819 130

108 2849 296 2935 Insidiaeque,
312 2866 342 2914 et
358 2853 411 2930 vis,
427 2867 457 2915 et
472 2874 554 2916 amor
567 2855 726 2917 sceleratus
741 2853 881 2941 habendi.¹

110 2947 192 3010 Vela
207 2949 294 3012 dabat
309 2951 413 3027 ventis,
428 2972 485 3013 nec
495 2951 593 3013 adhuc
607 2951 684 3013 bene
700 2962 822 3011 noverat
836 2938 905 3012 illd's'
920 2974 922 2979 ·

108 3045 238 3109 Navita:
262 3069 384 3132 quaeque
400 3049 450 3110 diu
464 3061 605 3111 steterant
619 3048 650 3109 in
664 3048 810 3110 montibus
825 3048 900 3126 eltis,

106 3143 267 3207 Fluctibus
281 3145 387 3227 ignotis
401 3145 578 3208 insultavdre
593 3146 707 3209 carinae.

106 3240 371 3327 Communemque
385 3243 475 3327 priris,
491 3264 547 3306 ceu
562 3243 671 3306 lumina
690 3244 756 3306 solis
772 3258 911 3322 etentes,
1024 3245 1086 3307 135

105 3339 227 3403 Cautus
241 3340 366 3403 humum
379 3342 469 3422 longo
483 3340 608 3423 signavit
622 3342 714 3404 limite
729 3363 856 3405 mensor.

103 3437 176 3502 Nec
191 3430 307 3500 tantbm
321 3452 439 3522 segetes
453 3438 652 3525 alimentaque
667 3439 768 3503 debita
781 3438 863 3501 dives

102 3536 295 3602 Poscebatur
308 3535 435 3619 humus3
456 3536 510 3600 sed
524 3537 597 3600 itum
612 3550 657 3600 est
671 3538 701 3601 in
716 3537 829 3599 viscera
842 3548 941 3598 terre:

279 3654 300 3703 ,³
369 3632 419 3697 1¹*
