2356 4110
479 119 586 171 arnna
609 93 682 172 xnr'.
1008 123 1066 182 127

119 263 236 354 Altaque,
250 291 339 353 posse
352 271 419 354 capi
433 271 577 349 faciendo,
592 272 740 355 Pergama
753 275 831 357 cepi.

117 361 161 429 Per
172 390 236 451 spes
252 390 331 430 nune
345 369 449 446 socias,
462 390 624 452 casuraque
638 371 750 432 moenia
763 371 889 450 Troum,
929 364 939 380 ”
1004 372 1067 438 375

113 460 212 550 Perque
226 468 299 528 deos
313 487 374 542 oro,
390 489 462 550 quos
477 467 552 528 hosti
567 489 662 550 nuper
675 468 790 546 ademi3

109 560 165 640 Per,
181 565 203 626 si
220 565 290 647 quid
304 578 449 647 superest,
466 565 543 647 quod
558 566 595 626 sit
609 565 757 649 sapienter
771 568 937 648 agendum3

107 658 210 744 Siquid
225 662 322 724 adhue
338 661 445 738 audax,
460 683 499 723 ex
514 663 713 746 praecipitique
729 664 909 746 petendum3

104 757 129 820 si
141 759 238 844 Trojae
254 759 318 821 satis
334 760 440 843 aliquid
457 773 564 821 restare
580 761 707 843 putatis;

103 853 165 918 Este
180 857 241 918 mei
255 878 417 919 memores:
440 870 491 919 aut
505 858 529 919 si
543 858 614 919 mihi
629 879 687 919 non
703 858 777 920 datis
792 880 872 920 arma
880 880 889 936 ;
1001 865 1066 925 380

101 950 171 1017 Huic
187 954 278 1016 date)
324 953 365 1016 Et
379 953 506 1016 ostendit
514 955 635 1036 ‘signum
651 954 738 1017 fatale
753 955 909 1020 Minerva.

133 1049 220 1113 Mota
234 1072 338 1112 manus
354 1073 510 1135 procerum
523 1066 585 1114 est:
609 1066 650 1129 et,
665 1053 736 1137 quid
750 1052 886 1117 facundia
901 1069 1011 1138 posset,

98 1147 139 1210 Re
155 1150 270 1232 patuit;
294 1148 431 1232 sortisque
448 1149 501 1212 viri
516 1150 581 1212 tulit
596 1172 675 1212 arma
691 1150 824 1214 disertus.

98 1243 223 1309 Hectora
238 1247 288 1330 qui
302 1247 392 1323 solus,
408 1247 457 1329 qui
472 1246 591 1324 serrum,
605 1248 773 1332 ignemque,
789 1249 957 1335 Jovemque

98 1343 235 1406 Sustinuit
249 1344 354 1420 toties;
376 1366 465 1405 unam
480 1365 540 1405 non
554 1345 677 1406 sustinet
692 1347 783 1408 iram:
999 1351 1064 1412 385

96 1441 297 1525 Invictumque
313 1443 406 1504 vitum
423 1442 512 1504 vincit
527 1442 619 1504 dolor.
663 1444 775 1526 Arripit
790 1465 909 1508 ensem:

98 1538 140 1616 Et,
157 1538 267 1602 ‘Meus
282 1541 330 1602 hic
345 1540 425 1602 certe
440 1553 495 1601 est.
540 1539 591 1601 An
606 1553 636 1602 et
646 1541 725 1603 hunc
736 1542 788 1605 sibi
800 1556 903 1626 poscet
914 1541 1062 1626 Ulysses?

97 1635 179 1714 Hoc,'
196 1638 247 1715 ait,
263 1637 423 1699 ‘utendum
438 1651 483 1699 est
497 1637 526 1698 in
541 1658 589 1698 me
602 1638 694 1700 mihi:
718 1640 826 1722 quique
840 1661 943 1701 cruore

97 1733 177 1819 Saepe
192 1734 349 1817 Phrygum
364 1735 486 1810 maduit,
502 1733 611 1796 domini
625 1756 704 1797 nunc
719 1736 799 1796 caede
814 1735 961 1798 madebit:

97 1828 137 1893 Ne
153 1833 310 1916 qnisquam
325 1830 450 1916 Ajacem
465 1832 556 1914 possit
570 1853 718 1914 superare,
733 1831 787 1894 nisi
808 1832 912 1917 Ajax.’
998 1835 1063 1897 390

97 1927 191 1993 Dixit:
216 1943 247 1991 et
262 1929 291 1990 in
306 1943 421 2012 pectuS,
436 1942 499 1990 tum
515 1929 640 2011 denique
657 1929 777 1991 vulnera
792 1951 920 2014 passum,
981 1938 984 1943 ’

96 2025 162 2099 Qut
177 2027 273 2110 patuit
287 2025 372 2103 ferro,
387 2025 506 2088 letalem
520 2025 651 2088 condidit
665 2048 784 2091 ensem:

97 2121 155 2187 Nec
171 2125 292 2188 valuere
307 2145 411 2185 manus
425 2124 547 2185 infixum
563 2124 691 2185 educere
706 2126 816 2188 telum:

65 2285 67 2288 .
97 2219 216 2306 Expulit
231 2222 295 2305 ipse
310 2243 411 2284 cruor:
435 2221 643 2303 rubefactaque
658 2222 798 2302 sanguine
813 2223 900 2285 tellus

97 2317 279 2404 Purpureum
295 2318 376 2382 viridi
392 2319 492 2400 genuit
508 2319 545 2380 de
560 2319 672 2401 cespite
687 2318 800 2396 florem,
997 2320 1062 2383 395

96 2415 151 2489 Qui
167 2417 249 2501 priris
263 2416 385 2479 OEbalio
400 2415 493 2478 fuerat
508 2415 545 2477 de
561 2416 681 2478 vulnere
696 2431 791 2479 natus.

96 2511 190 2577 litera
204 2514 371 2577 communis
385 2513 488 2575 mediis
504 2535 656 2597 pueroque
671 2515 792 2597 viroque

97 2609 233 2697 Inscripta
248 2625 294 2675 est
305 2611 396 2674 soliis:
420 2612 483 2674 haee
497 2612 633 2688 nominiS,
649 2612 697 2673 illa
712 2610 848 2693 querelae.

334 2816 463 2858 HECUBA
486 2817 522 2856 IN
544 2814 655 2857 ΟΔΝΕΜ
678 2813 819 2854 sturm.

519 2985 548 3026 v.
562 2967 636 3027 404.

97 3098 179 3186 ija
193 3101 283 3164 simul
299 3099 493 3183 Priamusque
507 3098 634 3161 cadunt:
657 3099 806 3162 Priameia
826 3101 935 3186 conjux

98 3195 223 3261 Perdidit
239 3197 342 3261 inselirt
356 3197 482 3262 hominis
498 3209 563 3279 post
578 3197 676 3259 omnia
690 3196 831 3273 formam3
1000 3197 1065 3259 400

98 3291 299 3379 Extemasque
314 3317 393 3358 novo
406 3295 511 3358 latratu
525 3294 626 3356 terruit
640 3315 734 3357 auras.
