2356 4110
110 289 172 372 1'30
424 312 772 365 unriuonruosnon

106 466 176 530 Non
191 466 319 550 captiva,
333 478 433 548 rogat3
456 465 589 548 genitrici
599 486 710 548 corpus
723 464 894 548 innuptrun

105 563 254 628 Reddite:
278 586 355 626 neve
370 585 442 625 auro
455 562 580 625 redimat
591 563 640 648 jus
653 563 736 625 triste
751 563 892 646 sepulcri,

105 663 167 726 Sed
182 663 331 747 lacrymis.
375 661 475 739 Tunc,
486 663 560 724 cirm
575 675 702 745 poterat,
713 662 882 725 redimebnt
894 675 929 726 et
941 664 1040 726 auro)

148 761 287 824 Dixerat.
335 762 376 823 At
392 760 520 844 populus
533 761 690 842 lacrymas,
705 781 779 844 ques
793 760 842 824 illa
857 763 993 840 tenebat,

105 859 176 922 Non
190 873 283 922 tenet.
327 857 397 943 Ipse
411 859 501 921 etium
513 857 590 920 flens
602 859 772 943 invitusque
787 859 927 923 sacerdos
1024 863 1088 924 470

105 958 233 1021 Praebita
246 957 382 1043 conjecto
396 957 474 1041 rupit
489 957 647 1040 precordia
659 956 748 1020 ferro.

105 1055 170 1135 Illa,
183 1078 274 1141 super
288 1071 394 1119 terram
409 1055 528 1118 demoto
543 1055 656 1138 poplite
671 1056 784 1132 labens,

106 1155 232 1218 Pertulit
247 1153 407 1238 intrepidos
420 1154 460 1215 ad
475 1152 535 1214 sata
549 1153 708 1215 novissima
721 1153 832 1216 vultus.

105 1253 240 1316 Troades
252 1253 418 1336 excipiunt,
432 1251 661 1336 deploratosque
675 1266 833 1315 recensent

106 1350 280 1426 Priamidas,
296 1363 326 1411 et
341 1349 411 1433 quid
423 1348 539 1410 dederit
553 1349 659 1412 domus
674 1372 732 1412 une
742 1350 868 1412 cruoris.
1021 1353 1080 1416 475

105 1447 214 1532 Teque
230 1460 363 1530 gemunt,
380 1446 479 1528 virg03
500 1459 603 1530 teque,
614 1470 637 1509 o
651 1448 742 1510 modo
755 1448 838 1530 regia
851 1446 975 1534 conjux,

105 1544 204 1628 Regia
219 1545 297 1607 dicta
312 1565 432 1628 parens,
449 1543 528 1606 Asiae
543 1544 673 1608 florentis
689 1547 805 1628 imeg03

105 1642 196 1706 Nunc
211 1644 300 1706 etiam
316 1643 420 1726 praedae
435 1643 512 1705 mela
523 1665 605 1706 sors:
629 1665 718 1728 quam
733 1645 826 1707 victor
840 1642 971 1728 Ulysses

105 1742 181 1805 Esse
196 1757 280 1805 suam
295 1742 398 1818 nollet,
412 1741 469 1803 nisi
482 1741 564 1825 qnod
578 1755 679 1805 tormen
695 1739 827 1805 Hectora
840 1755 929 1826 portu

104 1839 260 1904 Edideras.
305 1839 470 1903 Dorninum
486 1840 571 1902 metri
587 1840 637 1902 vix
648 1840 761 1922 reperit
775 1838 902 1904 Hector.
1019 1841 1080 1905 480

105 1937 183 2012 Quae
197 1960 304 2023 corpus
318 1938 478 2022 complexa
491 1938 596 2000 enirnae
611 1951 671 2000 tem
687 1936 769 2000 fortis
783 1938 882 2016 inane,

104 2035 190 2108 eree
205 2037 291 2100 toties
305 2036 405 2120 patric
419 2036 554 2112 dederet,
568 2035 714 2118 natisque,
727 2035 862 2119 v'roqttq

104 2131 185 2196 Huic
200 2155 317 2217 quoque
334 2133 383 2194 dat
399 2134 563 2215 laerymns3
584 2133 731 2215 lacrymas
744 2133 777 2195 irr
793 2133 918 2197 nunna
931 2132 1045 2198 firndit:

103 2229 275 2316 Osculaque
291 2251 341 2292 ore
357 2230 439 2312 legit,
454 2244 654 2314 consuetoque
669 2244 792 2314 pectora
805 2230 938 2314 plangit·

103 2326 313 2412 canitiemque
329 2349 414 2390 suam
424 2328 611 2391 concretoirr
627 2329 769 2410 rangono
786 2350 916 2409 verrens,
1017 2331 1081 2396 4&

103 2425 194 2488 Plura
209 2426 337 2511 quidem,
353 2426 406 2489 sed
421 2441 453 2490 et
465 2427 541 2503 lraec,
557 2427 665 2489 laniato
679 2441 800 2510 pectore
814 2426 907 2491 dixit:

103 2522 202 2586 ‘Nate
217 2537 272 2586 tue
291 2524 376 2610 (quid
391 2524 471 2586 enim
485 2523 658 2610 superestil
675 2525 759 2588 dolor
773 2525 876 2588 ultime
890 2525 989 2604 matri,

102 2620 192 2699 Nata,
202 2621 304 2707 jaces:
328 2621 476 2706 videoque
493 2635 587 2699 tuum,
600 2644 671 2686 mea
684 2624 816 2702 vulnera,
832 2623 952 2686 vulnus.

101 2719 162 2797 En,
177 2742 215 2783 ne
231 2720 407 2804 perdiderim
423 2741 591 2806 quenquam
606 2721 668 2783 sine
682 2721 763 2784 crede
777 2743 923 2799 meorum,

101 2819 152 2882 Tu
168 2843 285 2905 quoque
301 2822 407 2885 vulnus
423 2821 524 2884 habes.
570 2820 614 2883 At
627 2835 669 2898 te,
685 2821 753 2904 quia
768 2820 900 2899 soemine,
915 2821 1003 2885 reber
1016 2823 1080 2886 490

101 2919 132 2979 Α
147 2917 222 2980 serro
237 2934 347 2983 tutam:
372 2920 503 2982 cecidisti
518 2933 548 2982 et
563 2918 684 2981 liemina
697 2917 784 2980 ferro.

101 3015 222 3098 Totque
238 3029 304 3077 tuos
319 3017 400 3079 idem
416 3017 528 3094 fratres,
543 3032 573 3078 te
590 3017 716 3100 perdidit
730 3017 820 3095 idem,

100 3113 237 3176 Exitium
251 3112 360 3196 Trojae‚
376 3115 525 3197 nostrique
539 3117 666 3192 orbator,
681 3115 826 3177 Achilles.

101 3215 144 3277 At
159 3225 316 3296 postquam
331 3210 446 3274 Paridis
460 3212 568 3274 cecidit
582 3212 751 3297 Phoebique
766 3211 897 3294 sagittis3

101 3319 120 3349 “
131 3312 220 3375 Nunc
235 3311 348 3388 certe‚''
364 3309 437 3385 dixi,
453 3315 542 3370 “non
558 3324 604 3372 est
616 3312 794 3374 metuendus
809 3310 979 3374 Achilles.'’
1015 3313 1079 3376 495

101 3411 190 3475 Nunc
206 3433 323 3498 quoque
334 3408 379 3473 mi
393 3408 570 3471 metuendus
584 3423 656 3472 erat.
700 3409 786 3474 Cinis
801 3410 866 3495 ipse
883 3409 994 3495 sepulti

101 3509 135 3574 ln
147 3532 243 3594 genus
257 3512 315 3573 hoc
329 3509 427 3574 saevit:
451 3507 565 3570 tumulo
580 3528 698 3592 quoque
712 3508 857 3572 sensimus
872 3507 1008 3574 lrostem:
