2356 4110
106 275 166 346 192
395 279 750 337 urrummuusuon.

103 430 282 516 Hesperidas
298 431 422 494 donisse
437 445 534 514 putes.
579 428 612 492 Si
627 429 759 513 postibus
774 429 840 491 aitis

101 528 244 591 Admovit
259 529 381 610 digitos;
404 540 510 611 postes
518 527 630 597 rndinre
646 526 792 593 videntur.

102 625 155 688 Ille
171 626 259 688 etiarn
274 625 390 709 liquidis
404 625 516 708 palmas
530 624 580 686 ubi
594 624 705 686 laverat
720 624 818 701 undis,

101 722 192 786 Unda
205 723 301 785 fluens
316 723 420 805 palmis
435 721 563 784 Danaen
578 721 698 788 eludere
715 735 823 804 posset.

145 820 208 883 Vix
224 841 292 904 spes
307 820 369 904 ipse
385 841 451 881 suas
466 819 564 881 animo
578 819 667 901 capit,
683 840 772 880 aurea
785 819 900 900 fingens

62 948 64 952 ⁴
101 917 221 981 Omnia.
267 917 416 980 Gaudenti
429 938 546 979 mensas
560 916 685 1001 posudre
700 916 832 992 ministri,

101 1014 276 1078 Exstructas
291 1015 426 1098 dapibus,
441 1037 496 1077 nec
512 1028 594 1076 tostae
610 1012 698 1094 frugis
713 1027 845 1095 egentes.

101 1112 182 1175 Tum
198 1112 358 1191 verusne
371 1113 420 1183 ille
434 1109 770 1180 succenderent,

101 1208 229 1272 Munera
243 1209 422 1291 contigeret,¹
430 1208 568 1276 Cerealia
582 1208 660 1276 dune
672 1208 815 1289 rigebant.

101 1306 171 1368 Sive
186 1307 277 1390 dapes
293 1305 380 1373 auido
393 1305 560 1368 convellere
575 1305 673 1367 dente
686 1305 818 1388 parebat,

100 1398 227 1464 Lamina
241 1401 322 1473 fulva
336 1403 431 1486 dapes
442 1380 564 1471 admotd
576 1403 665 1468 dente
680 1403 824 1467 nitebunt.

100 1498 263 1571 Miscuerat
278 1500 357 1583 puris
372 1501 666 1569 aucturemmuneris
678 1500 775 1577 undis,

101 1595 203 1658 Fusile
219 1618 273 1680 per
286 1597 764 1667 ricus-aurum-fluinreviderns.

142 1695 296 1757 Attonitus
310 1696 439 1757 novitate
455 1695 539 1771 mali,
549 1696 867 1779 divesque,ruiserqurn

101 1791 242 1876 Effugere
258 1806 348 1876 optat.
355 1814 445 1877 opes:
468 1807 510 1870 et,
526 1816 593 1877 que,
603 1793 693 1861 modu
709 1795 932 1870 voverenndit.

101 1889 199 1975 Copia
212 1893 293 1954 nulla
308 1891 416 1957 samem
430 1892 560 1960 relevet:
582 1891 737 1956 sitiseride
751 1904 859 1972 guttur·

99 1986 178 2066 Urit,
194 2002 224 2051 et
238 1990 330 2052 inviso
344 1990 465 2057 meritus
478 2002 629 2073 torquetur
643 1990 679 2050 ab
693 2009 774 2051 auro.

99 2084 151 2146 Ad
165 2085 334 2169 coelumque
350 2107 454 2155 manus
469 2083 941 2168 et.splendidnbrechietullens,

101 2181 169 2243 ‘Da
183 2183 310 2258 veniam,
325 2181 440 2244 Ienaee
452 2197 560 2266 pater,¹
575 2181 784 2265 peccavimus,’
800 2181 894 2264 inquit
902 2204 915 2244 ι4

100 2278 181 2340 ‘Sed
196 2279 343 2356 miserere,
359 2301 474 2362 precor,
488 2280 681 2364 speciosoque
696 2280 777 2362 eripe
792 2279 924 2344 damnus?

99 2375 176 2439 Mite
191 2376 281 2438 dedrn
295 2399 405 2441 numen
420 2377 568 2441 Bacchus.
575 2378 716 2461 pecudsse
731 2375 883 2441 fetentem.

99 2474 251 2552 Restituit,
267 2489 443 2558 pactamque
459 2477 558 2552 fidem,
573 2476 642 2539 data
655 2474 899 2550 munere,.soivit·.

100 2571 205 2634 ‘Neve
220 2573 298 2634 male
313 2585 415 2655 optato
425 2573 745 2639 *maneascircumlitusf
755 2594 838 2649 auro,

100 2670 208 2748 Vade,'
225 2671 277 2748 ait,
290 2671 346 2733 ‘ad
360 2670 476 2753 magnis
489 2670 615 2733 vicinum
631 2671 925 2746 Sardibusnmnemr

98 2769 217 2854 Perque
229 2769 334 2855 jugum
349 2770 457 2835 montis
471 2768 634 2836 labentibus
648 2768 760 2835 obvius
766 2767 850 2830 undis

99 2867 201 2949 Carpe
216 2869 312 2945 viam,
335 2865 548 2937 donecveuias
561 2864 598 2928 ad
613 2864 746 2930 fluminis,
755 2877 847 2930 ortus.

98 2963 324 3049 Spumiseroque
339 2964 520 3040 tuumspnti,
536 2961 750 3047 quinplurimus
765 2961 847 3037 exit,

99 3061 200 3124 Subde
215 3074 321 3142 caput:
344 3060 623 3144 corpusque-simul,
638 3059 724 3123 sirnul
740 3059 807 3120 elue
821 3059 957 3125 crimen?

98 3155 170 3219 Rex
179 3155 267 3240 jussae
281 3155 415 3225 succedit
429 3176 523 3238 aque.
569 3154 624 3217 Vis
638 3175 725 3221 auree
742 3154 838 3222 tinxit,

98 3254 237 3331 Flumen,
250 3267 279 3316 et
294 3255 423 3317 humano
437 3252 611 3334 decerpere
624 3251 713 3315 cessit
727 3252 755 3314 in
771 3273 900 3320 amnem·-

98 3351 188 3415 Nunc
203 3373 319 3436 quoque
332 3349 522 3438 jemueteris
533 3350 802 3431 percepto-semine
818 3372 901 3417 venre

98 3450 181 3521 Arva
195 3451 299 3538 rigent,
307 3471 388 3535 ,auru
398 3447 533 3519 madidis.
537 3445 792 3530 patientieglebis.
