2356 4110
385 358 395 398 ,
422 317 597 368 errarem
618 317 677 369 vu.
975 316 1031 378 ις]

71 465 96 528 Si
108 467 200 550 pudet
214 467 333 544 uxoris3
355 488 414 529 non
429 481 532 551 nupta,
546 468 599 531 sed
614 469 730 553 hospita
745 470 835 535 dioar.
975 477 1036 538 135

103 565 183 627 Dum
199 579 252 628 tua
266 565 304 628 sit
317 564 409 642 Dido,
424 565 576 649 quodlibet
591 584 656 629 esse
670 563 756 631 toret.

65 660 139 725 Nota
152 663 226 726 mihi
241 662 314 725 freta
327 676 394 725 sunt
410 662 516 724 Afrum
532 662 695 745 frangentia
708 665 806 730 littus:

101 759 302 843 Temporibus
316 760 402 822 certis
418 759 546 845 dantque
562 776 730 845 negantque
745 764 834 827 viam.

62 855 140 918 Cum
156 857 237 919 dabit
252 878 320 920 aura
335 857 424 934 viam,
439 859 582 940 prebebis
596 859 717 922 carbasa
732 861 838 925 rentia-

19 1001 23 1012 .
101 953 280 1017 Nuncleris
295 954 421 1039 ejectam
434 956 565 1018 eontinet
580 957 646 1043 alga
658 970 764 1020 ratem.
973 964 1036 1025 140

59 1051 196 1136 Tempus
210 1065 243 1114 nt
257 1052 423 1130 observem,
437 1053 544 1115 manda
558 1053 647 1130 mihi3
669 1055 777 1118 certius
791 1055 863 1120 ibis:

44 1194 47 1201 ,
102 1148 225 1227 Necte,
243 1150 266 1213 si
282 1151 384 1234 cupies
399 1150 474 1234 ipse,
488 1172 608 1214 manere
622 1151 727 1214 sinam.

58 1246 100 1309 Et
115 1247 186 1309 socii
202 1248 331 1332 requiem
347 1262 483 1331 poscunt,
497 1249 665 1334 laniataque
678 1250 778 1314 cluam

100 1343 238 1408 Postulat
252 1346 373 1428 exiguas
389 1345 573 1409 semirefecta
586 1368 694 1410 moras.

56 1441 119 1503 Pro
133 1442 254 1520 meritis,
269 1457 300 1505 et
314 1444 399 1527 siqua
412 1443 464 1506 tibi
479 1443 673 1526 praebebimus
687 1446 774 1523 ultra,
974 1451 1034 1514 14⁵

100 1539 163 1601 Pro
177 1561 230 1622 spe
245 1539 372 1625 conjugii
386 1554 522 1624 tempora
536 1562 625 1624 parva
641 1556 723 1626 peto.

56 1635 142 1698 Dum
158 1635 230 1699 irata
244 1638 412 1715 mitescunt,
428 1652 457 1702 et
471 1639 584 1701 Amor:
607 1638 678 1702 dum
692 1653 829 1724 tempora
843 1654 874 1705 et
887 1663 943 1706 usu

99 1733 229 1797 Fortiter
243 1735 341 1799 edisco
355 1736 446 1800 tristia
460 1758 547 1820 posse
562 1737 634 1820 pati.

55 1831 110 1893 Sin
125 1832 239 1909 minirs3
261 1846 307 1896 est
320 1835 434 1897 animus
449 1834 533 1897 nobis
548 1835 700 1898 effimdere
718 1836 818 1899 vitam.

100 1929 135 1990 In
150 1952 198 1992 me
214 1930 339 1994 crudelis
354 1953 413 1994 non
429 1945 514 2015 potes
529 1954 594 1995 esse
610 1932 670 1995 diu.
973 1938 1033 1999 150

55 2027 214 2110 Adspicias
229 2029 432 2113 utinamque
447 2030 484 2092 sit
496 2030 651 2093 scribentis
666 2030 781 2111 imago!

99 2124 279 2202 Scribimus3
301 2140 332 2189 et
345 2127 458 2208 gremio
472 2126 600 2190 Troicus
615 2127 691 2190 ensis
706 2127 806 2191 adest:

55 2220 175 2305 Perque
190 2244 281 2305 genas
294 2224 431 2307 lacryma
446 2225 578 2288 strictum
592 2225 730 2288 labuntur
743 2225 772 2288 in
788 2246 909 2304 ensem3

99 2318 163 2392 Qui
174 2319 237 2404 jam
253 2341 307 2403 pro
320 2321 457 2404 lacrymis
471 2323 612 2404 sanguine
628 2323 735 2385 tinctus
751 2324 816 2386 erit.

55 2415 159 2490 Quam
173 2420 250 2481 bene
265 2419 445 2482 conveniunt
458 2419 519 2483 lato
533 2431 585 2482 tua
598 2440 722 2482 munera
735 2422 851 2484 nostro!
971 2425 1031 2484 155

97 2515 219 2578 Instruis
233 2516 369 2599 impensi
381 2530 479 2580 nostra
493 2517 629 2601 sepulcra
638 2518 732 2582 brevi.

54 2613 123 2677 Nec
137 2635 206 2676 mea
219 2635 298 2676 nuno
312 2614 408 2697 primo
421 2613 565 2677 feriuntur
577 2629 698 2699 pectora
711 2616 789 2679 telo:

97 2711 152 2774 llle
166 2713 250 2774 locus
264 2712 334 2774 sevi
349 2712 455 2774 vulnus
472 2712 590 2775 Amoris
605 2713 705 2776 habet.

54 2810 145 2873 Anna
160 2831 251 2886 soror,
266 2831 348 2872 somr
361 2810 462 2887 Anna,
476 2832 551 2873 mee
565 2811 643 2873 male
658 2810 776 2873 conscia
789 2810 895 2893 eulpa,

98 2907 167 2970 Jam
181 2908 265 2970 dabis
279 2908 308 2970 in
324 2908 438 2971 eineres
452 2908 557 2971 ultima
571 2909 649 2971 dona
664 2927 756 2970 meos.
967 2907 1030 2970 160

54 3005 132 3082 Nec,
147 3019 323 3088 consumpta
336 3006 424 3087 rogis,
439 3007 586 3084 inscribar,
601 3005 700 3068 Elissa
713 3003 838 3083 Siehei3

97 3101 166 3166 Hoc
181 3116 281 3166 tamen
296 3103 326 3165 in
341 3104 447 3166 tumuli
460 3124 605 3167 marmore
620 3125 738 3167 carmen
754 3103 825 3168 erit:

53 3197 203 3264 ‘Praebuit
216 3199 330 3264 AEneas
345 3214 375 3264 et
388 3221 510 3264 oausam
524 3203 626 3264 mortis
640 3215 670 3266 et
684 3223 798 3267 ensem.

95 3298 166 3384 Ipsa
179 3298 237 3362 suia
250 3297 332 3362 Dido
345 3298 475 3362 ooncidit
488 3320 542 3363 usa
556 3299 668 3363 manu?

357 3397 425 3460 14*
