2356 4110
515 383 622 449 traua
638 400 659 448 r.

86 557 177 622 Cura
191 556 261 618 dei:
286 553 468 637 totidemque
484 553 577 635 plage
591 551 695 614 tellure
710 550 883 635 premuntur

88 656 237 730 Quarum
253 675 318 738 quae
331 651 499 727 mediaest,
514 664 632 712 nonest
647 649 811 730 habitabilis
827 580 942 711 aedi(

89 754 160 817 Nix
173 753 249 834 tegit
264 752 322 813 alta
336 751 426 812 duas:
450 749 574 811 totidem
588 748 665 813 int'er
676 734 832 831 utrumque
847 748 973 824 locavit3
1030 750 1074 810 50

88 852 352 935 Temperiemque
368 848 460 924 dedit,
474 846 570 909 mixti
583 846 652 909 cum
666 846 771 928 frigore
787 845 919 908 flammi.

92 950 238 1013 Imminet
252 949 297 1010 his
312 951 379 1010 adr:
403 947 463 1030 qui,
479 946 589 1030 quanto
604 960 649 1007 est
663 946 795 1028 pondere
809 959 892 1008 terre

92 1049 224 1110 Pondus
239 1069 321 1131 aquae
335 1040 445 1122 levius,
455 1045 538 1107 tanti»
553 1057 597 1105 est
611 1043 760 1105 onerosior
773 1044 844 1125 igni.

94 1146 166 1208 lll'rc
182 1159 211 1206 ct
223 1145 355 1221 nebulas,
376 1144 435 1207 illic
450 1143 608 1205 consistere
623 1142 717 1203 nubes

95 1245 115 1305 J
119 1244 203 1320 ussit,
220 1258 249 1305 et
264 1244 406 1305 humanas
420 1255 536 1303 motura
550 1241 676 1302 tonitrua
690 1254 815 1316 menteS,
1033 1240 1075 1300 55

95 1343 142 1405 Et
159 1365 227 1403 cum
242 1341 410 1403 fulminibus
425 1340 565 1402 facientes
581 1339 686 1423 frigora
702 1352 816 1403 ventos.

96 1440 159 1503 His
176 1461 291 1523 quoque
308 1462 366 1501 nnn
382 1439 492 1521 passim
506 1439 608 1500 mundi
624 1437 778 1499 fabricator
792 1436 961 1499 habendum

96 1541 184 1603 Adra
199 1539 339 1622 permisit.
385 1536 447 1600 Vix
462 1559 541 1598 nunc
557 1536 704 1598 obsistitur
718 1536 783 1613 illis,

96 1636 184 1701 Cim
199 1659 250 1699 sua
266 1637 389 1721 quisque
404 1649 506 1717 regant
522 1636 637 1697 diverso
652 1634 770 1696 flamina
785 1647 890 1710 tractu,

97 1734 187 1806 Quin
202 1735 312 1797 lanient
326 1734 487 1810 mundum;
509 1747 590 1795 tanta
605 1747 649 1795 est
665 1732 809 1795 discordia
824 1731 954 1794 fratrum.
1033 1730 1076 1793 60

98 1832 201 1894 Eurus
216 1833 253 1894 ad
267 1833 423 1909 Auroram,
439 1830 661 1913 Nabathaeaque
676 1852 767 1913 regna
781 1829 912 1906 recessit,

98 1930 296 2014 Persidaque,
311 1944 341 1992 et
356 1929 442 2004 radiis
453 1928 526 2014 juga
540 1929 657 1990 subdita
671 1927 833 1989 matutinis.

99 2027 232 2111 Vesper,
249 2042 279 2090 et
294 2027 418 2091 occiduo
435 2049 499 2112 quae
513 2028 611 2089 littora
625 2026 688 2087 sole
703 2038 871 2108 tepescunt,

97 2126 246 2189 Proxima
259 2139 326 2188 sunt
340 2124 503 2208 Zephyro:
527 2124 682 2207 Scythiam
697 2123 883 2208 Septemque
898 2123 1024 2186 trionem

98 2223 237 2289 Horrifer
250 2224 355 2287 invasit
369 2223 502 2301 Boreas;
523 2223 668 2286 contrarie
682 2223 769 2285 tellus
1034 2222 1077 2284 65

99 2322 240 2385 Nubibus
255 2321 392 2399 adsiduis,
407 2322 568 2404 pluvioque
583 2321 725 2383 madescit
741 2321 778 2384 ab
793 2320 915 2384 Austro.

99 2419 178 2482 Haec
194 2442 283 2503 super
297 2420 435 2502 imposuit
449 2420 593 2504 liquidum
609 2433 639 2482 et
653 2419 795 2502 gravitate
811 2432 962 2482 carentem

99 2518 239 2595 AEthera,
254 2540 311 2580 nec
327 2519 486 2603 quidquam
501 2533 625 2581 terrene
639 2516 717 2581 faecis
733 2518 904 2609 habentem,
996 2584 1000 2589 ,

147 2615 212 2678 Vix
226 2638 262 2678 ea
276 2617 414 2679 limitibus
429 2617 604 2701 dissepserat
618 2617 717 2679 omnia
731 2618 837 2694 certis3
858 2586 899 2647 ’Ἀ

98 2714 196 2791 Crim,
212 2738 275 2799 quae
290 2737 390 2799 pressa
405 2717 454 2778 diu
470 2715 567 2779 massi
580 2716 693 2791 latuere
707 2717 763 2779 sub
777 2714 838 2793 ills,
1035 2718 1078 2779 'tu

99 2813 209 2875 Sidera
222 2828 378 2897 coeperunt
393 2828 455 2877 toto
470 2814 665 2877 effervescere
679 2814 769 2876 coelo.

99 2909 173 2973 Neu
189 2912 270 2993 regio
284 2911 359 2974 foret
373 2914 432 2975 ulla
446 2914 505 2976 suis
520 2912 715 2975 animantibus
730 2911 818 2989 orbar

69 3042 72 3047 ·
97 3009 195 3071 Astra
209 3024 311 3073 tenent
325 3011 447 3074 coeleste
463 3013 568 3089 solum,
584 3011 742 3094 formaeque
758 3010 897 3075 deomm:

98 3108 268 3171 Cesserunt
283 3109 378 3172 nitidis
394 3111 558 3173 habitandae
573 3110 701 3193 piscibus
716 3110 819 3173 undae:

96 3206 197 3269 Terra
212 3206 289 3269 feras
302 3209 399 3292 cepit:
423 3209 557 3271 volucres
573 3209 714 3290 agitabilis
730 3212 791 3271 ae'r.
1036 3209 1078 3269 75

143 3304 282 3369 Sanctius
297 3306 342 3369 his
358 3306 475 3383 animal,
491 3307 657 3390 mentisque
672 3306 811 3391 capacius
826 3306 891 3369 altre
1156 3300 1159 3305 ’

23 3400 37 3409 ’
97 3404 217 3467 Deerat
232 3404 340 3482 adhuc,
355 3420 385 3468 et
401 3406 480 3489 quod
496 3406 637 3469 dominari
649 3406 682 3468 in
696 3418 802 3469 cetera
816 3416 928 3489 posset.
1095 3400 1141 3438 ὅ·

98 3500 198 3567 Natus
214 3502 306 3565 homo
320 3517 382 3565 est:
405 3502 468 3566 sive
484 3504 563 3565 hunc
579 3504 678 3567 divino
694 3503 808 3566 semine
823 3500 893 3565 fecit

96 3602 153 3666 llle
169 3600 276 3687 opifex
290 3622 399 3680 rerum,
414 3602 517 3665 mundi
531 3602 659 3665 melioris
673 3602 771 3683 origo:
