2356 4110
522 333 629 381 LIBER
645 332 666 381 Ι.

95 482 244 566 Ingentes
260 483 357 545 animo
372 497 402 545 et
417 483 518 564 dignas
533 482 610 545 Jove
625 482 753 566 concipit
768 483 841 558 iras3

96 580 330 664 Consiliumque
345 594 441 643 vocat.
485 580 598 642 Tenuit
615 602 696 642 mora
709 580 790 642 nulla
805 593 935 642 vocatos.

144 678 204 741 Est
219 679 268 740 via
282 678 422 754 sublimis,
432 679 512 741 coelo
526 677 680 740 manifesta
699 699 820 739 sereno:

97 776 219 840 Lactea
229 797 338 838 nomen
353 776 461 852 habet3
482 776 610 837 candore
625 776 760 837 notabilis
772 775 846 858 ipso.

98 873 174 937 Hac
190 875 245 936 iter
260 887 312 943 est,
319 875 431 958 superis
448 874 483 936 ad
499 874 598 955 magni
612 886 691 936 tecta
706 873 862 949 Tonantis,
1018 877 1079 936 170

99 972 311 1056 Regalemque
327 972 459 1034 domum.
503 970 623 1033 Dextra
636 969 770 1053 laevaque
786 970 908 1033 deorum

99 1070 191 1132 Atria
204 1071 346 1133 nobilium
361 1069 452 1132 valvis
468 1070 653 1133 celebrantur
668 1068 786 1150 apertis.

99 1168 196 1231 Plebs
210 1168 342 1231 habitant
356 1168 471 1231 diversa
484 1167 567 1229 locis.
612 1156 643 1228 ll
657 1165 750 1228 sronte
773 1179 909 1249 potentes

100 1266 268 1343 Coelicolae,
282 1267 411 1350 clarique
426 1287 494 1328 suos
508 1264 634 1349 posuere
648 1278 782 1347 penates.

100 1362 165 1426 Hic
180 1364 261 1426 locus
276 1377 339 1439 est3
362 1385 462 1447 quem,
477 1364 500 1425 si
516 1363 611 1425 verbis
626 1363 749 1425 audacia
763 1363 858 1440 detur,
1018 1361 1079 1424 175

100 1460 196 1524 Haud
211 1463 331 1524 timeam
346 1461 445 1543 magni
460 1461 569 1523 dixisse
584 1461 700 1523 Palatia
714 1461 794 1523 coeli.
813 1500 844 1555 ,4

149 1559 230 1642 Ergo
244 1560 295 1623 ubi
309 1581 473 1622 marmoreo
488 1559 586 1643 superi
601 1559 705 1621 sedere
720 1579 850 1635 recessu,

99 1657 223 1722 Celsior
236 1658 299 1742 ipse
313 1659 390 1735 locu,
405 1671 580 1741 sceptroque
596 1657 714 1719 iunixus
730 1657 851 1734 eburno,

99 1755 277 1819 Terrificam
291 1756 395 1839 capitis
410 1756 556 1817 concussit
567 1768 670 1838 terque
687 1767 847 1838 quaterque

100 1853 285 1929 Cesariem3
306 1875 375 1915 cum
390 1852 450 1937 quit
468 1866 585 1927 terram,
600 1873 692 1927 mare,
707 1852 812 1927 sidera,
826 1851 929 1913 movit.
1019 1850 1080 1911 180

99 1950 229 2013 Talibus
244 1951 311 2013 inde
326 1951 421 2012 modis
435 1972 486 2013 ora
500 1949 680 2030 indignantia
694 1948 797 2009 solvit:

102 2048 195 2113 ‘Non
210 2071 266 2131 ego
280 2071 334 2132 pro
349 2049 451 2111 mundi
465 2070 557 2130 regno
572 2044 664 2128 magis
680 2045 784 2107 anxius
799 2042 851 2107 illt

99 2146 300 2230 Tempestate
316 2145 367 2224 fui,
385 2145 444 2229 qud
456 2159 577 2208 centum
594 2144 718 2228 quisque
733 2142 875 2228 parabant

101 2243 230 2328 [njicere
246 2245 445 2328 anguipedum
460 2243 579 2327 captivo
593 2242 714 2304 brachia
727 2242 816 2305 coelo.

100 2341 198 2418 Nam,
211 2363 376 2425 quanquam
388 2340 465 2403 serus
478 2341 568 2402 hostis
580 2353 652 2416 erat,
665 2353 765 2401 tamen
776 2339 848 2401 illud
858 2338 895 2401 ab
906 2359 966 2401 uno
1019 2340 1081 2402 185

100 2439 253 2521 Corpore,
268 2453 298 2500 et
314 2460 354 2500 ex
368 2438 429 2500 und
443 2438 592 2521 pendebat
608 2437 718 2519 origine
734 2437 855 2498 bellum.

101 2535 197 2600 Nunc
212 2537 294 2613 mihi,
310 2536 369 2620 qua
383 2550 478 2598 totum
492 2535 610 2598 Nereus
624 2535 817 2598 circumtonat
831 2533 944 2610 orbem,

101 2634 298 2698 Perdendum
313 2635 436 2697 mortale
452 2656 555 2716 genus.
599 2634 661 2696 Per
676 2631 876 2716 fluminajuro

101 2732 216 2809 Insere,
230 2734 284 2809 sub
299 2733 381 2795 terris
397 2732 501 2816 Stygio
515 2731 644 2793 labentia
661 2732 741 2806 luco,

103 2830 228 2894 Cuncta
242 2831 320 2914 priris
336 2844 463 2893 tentata:
487 2830 539 2891 sed
554 2827 770 2892 immedicabile
785 2826 891 2887 vulnus
1022 2827 1082 2890 19⁰

102 2928 191 2991 Ense
206 2929 406 3005 recidendum,
421 2950 459 2989 ne
475 2948 541 3010 pars
556 2927 670 2989 sincera
684 2923 824 2985 trahatur.

103 3026 185 3089 Sunt
199 3025 269 3087 mihi
285 3024 427 3102 Semidei,
442 3039 509 3087 sunt
524 3024 632 3087 rustica
645 3020 767 3083 numina
781 3018 943 3104 Nymphae,

103 3124 276 3207 Faunique,
292 3123 460 3208 Satyrique,
476 3137 507 3185 et
521 3121 685 3184 monticolae
702 3119 832 3183 Silvani:

103 3220 196 3295 Quos
212 3223 349 3304 quoniam
364 3221 433 3284 coeli
448 3220 581 3283 nondum
596 3219 750 3302 dignamur
765 3219 887 3293 honore,

103 3317 195 3393 Quas
210 3320 354 3396 dedimus,
365 3318 447 3382 cert'c
463 3332 554 3380 terras
568 3318 698 3381 habitare
709 3317 848 3379 sinamus
1023 3313 1084 3376 195
1149 3314 1151 3319 ’

100 3417 157 3480 An
174 3416 253 3494 satis,
269 3440 287 3479 0
301 3419 410 3501 superi,
425 3429 504 3478 tutos
518 3415 579 3478 fore
594 3415 712 3478 creditis
726 3414 800 3490 illos,

102 3514 189 3579 Cirm
206 3516 288 3593 mihi,
305 3516 353 3600 qui
368 3515 491 3591 fulmen,
507 3514 557 3598 qui
570 3534 625 3587 ,vos
637 3511 804 3595 habeoque,
818 3527 959 3592 regeque,
