2356 4110
155 113 198 176 98
468 116 813 168 unrruoarnosnou

197 268 286 332 Talia
299 268 458 345 dicentem,
472 287 637 350 nervosque
653 266 691 328 ad
707 266 797 328 verba
810 277 994 344 moventem,
1086 270 1128 332 40

137 356 140 360 i
156 365 332 448 Exsangues
346 365 457 428 flebant
470 365 584 427 animae.
629 361 659 425 N
661 386 696 427 ec
710 363 855 426 Tantalus
869 363 981 426 undam

157 463 298 548 Captavit
312 462 462 545 refugam:
486 461 655 545 stupuitque
670 461 782 523 Ixionis
796 461 885 523 orbis.

157 561 187 625 N
190 583 224 625 ec
239 561 375 645 carpsere
385 560 471 645 jecur
486 560 638 622 volucres:
662 559 801 642 urnisque
818 557 961 621 vacrirunt

157 659 296 722 Belides:
319 660 408 742 inque
422 657 599 737 tuovsedisti,
614 656 753 739 Sisyphe,
769 678 852 718 saxo.

158 755 239 818 Tum
255 755 380 839 primum
395 754 532 839 lacrymis
547 754 687 816 victarum
703 753 832 816 carmine
848 753 927 816 fama
941 768 988 817 est
1090 757 1131 817 45

158 852 359 917 Eumenidum
373 853 519 916 maduisse
530 872 638 934 genas:
661 871 717 912 nec
731 851 811 933 regia
825 850 936 935 conjux

159 950 291 1014 Sustinet
306 951 409 1028 oranti,
424 971 480 1012 nec
496 950 544 1034 qui
559 949 633 1031 regit
648 948 717 1025 ima,
733 970 857 1030 negare:

159 1047 390 1132 Eurydicenque
405 1059 521 1109 vocant.
566 1044 694 1108 Umbras
709 1060 771 1108 erat
785 1047 834 1109 illa
847 1059 984 1110 recentes

159 1144 256 1207 Inter:
280 1157 310 1206 et
324 1143 441 1206 incessit
456 1165 544 1226 passu
558 1142 595 1204 de
610 1143 731 1205 vulnere
746 1144 839 1206 tardo.

160 1240 249 1303 Hanc
263 1241 349 1303 simul
364 1253 395 1302 et
409 1241 506 1322 legem
521 1237 718 1324 Rhodopeius
733 1242 840 1325 accipit
854 1242 953 1320 heros,
1091 1244 1132 1304 50

160 1337 209 1400 Ne
224 1338 326 1401 flectat
340 1351 417 1400 retro
431 1359 484 1399 sua
498 1338 626 1414 lumina;
649 1339 744 1401 donec
758 1339 894 1401 Avernas

160 1435 276 1499 Exierit
291 1436 400 1499 valles:
424 1449 473 1498 aut
487 1435 564 1498 irrita
578 1436 654 1498 dona
669 1435 775 1498 sutura.

203 1533 343 1617 Carpitur
357 1533 485 1596 acclivus
500 1554 554 1616 per
568 1547 649 1595 muta
664 1533 777 1596 silentia
791 1548 911 1611 trames,

160 1632 290 1710 Arduus,
305 1632 455 1709 obscurus,
469 1631 593 1714 caligine
609 1632 716 1693 densus
731 1631 834 1714 opaci.

160 1728 191 1792 N
193 1751 228 1792 ec
244 1730 345 1813 procul
360 1728 516 1792 abluerunt
530 1728 640 1791 telluris
654 1729 784 1811 margine
799 1750 931 1790 summa.
1092 1729 1131 1791 55

161 1825 232 1904 Hic,
247 1849 285 1889 ne
301 1827 450 1904 deficeret,
466 1839 612 1903 metuens,
627 1826 788 1909 avidusque
804 1825 933 1902 videndi,

161 1922 263 1986 Flexit
278 1945 379 1985 amans
393 1924 510 1986 oculos:
534 1937 565 1985 et
581 1924 711 2005 protinus
727 1924 775 1985 illa
790 1928 904 2006 relapsa
919 1937 973 1986 est.

160 2019 347 2104 Brachioque
362 2020 525 2096 intendem,
542 2021 703 2103 prendique
718 2034 748 2082 et
763 2022 906 2103 prendere
921 2034 1049 2100 certano,

161 2116 212 2180 Nil
226 2117 281 2180 nisi
294 2117 435 2180 cedentes
449 2116 552 2179 infelix
566 2118 665 2200 arripit
681 2139 776 2179 auras.

161 2214 289 2298 Jamque
304 2215 409 2277 iterum
423 2215 551 2278 moriens
565 2238 625 2278 non
639 2228 684 2278 est
698 2217 735 2277 de
746 2214 872 2299 conjuge
888 2216 1050 2300 quidquam
1091 2217 1131 2279 60

162 2312 363 2391 Questasuo:
388 2313 457 2396 quid
472 2313 551 2375 enim
566 2313 620 2374 nisi
634 2334 666 2374 se
682 2326 853 2395 quereretur
867 2317 1017 2377 amatam?

162 2409 399 2493 Supremumque
414 2410 490 2486 vale,
507 2409 585 2493 quod
596 2408 659 2493 jam
674 2411 726 2472 vix
741 2410 856 2473 auribus
871 2410 920 2472 ille

162 2508 334 2591 Acciperet,
351 2507 441 2569 dixit:
465 2505 656 2590 revolutaque
672 2529 770 2570 rursus
785 2507 891 2569 eodem
907 2522 962 2570 est.

205 2604 235 2668 N
237 2628 275 2667 on
290 2604 374 2666 aliter
388 2603 499 2688 stupuit
510 2603 630 2685 gemina
644 2625 719 2666 nece
734 2603 865 2689 conjugis
881 2604 1035 2688 Orpheus,

102 2719 105 2724 ·
163 2701 266 2775 Quam
280 2703 334 2765 tria
348 2703 396 2786 qui
411 2702 540 2778 timidus,
555 2701 654 2763 medio
665 2715 799 2785 portante
814 2715 944 2779 catenas,
1093 2705 1134 2765 65

163 2802 250 2865 Colla
264 2804 344 2865 canis
359 2803 448 2865 vidit:
472 2824 561 2886 quem
576 2825 633 2864 non
649 2824 741 2885 pavor
756 2803 823 2864 ante
835 2802 964 2886 reliquit,

163 2898 265 2972 Quam
280 2913 381 2961 natura
395 2900 483 2981 prior,
494 2920 566 2960 saxo
581 2920 753 2983 percorpus
768 2901 888 2963 oborto:

163 2996 286 3080 Quique
300 2996 329 3058 in
344 3016 376 3057 se
391 2996 500 3057 crimen
516 2996 613 3071 traxit,
630 2996 780 3081 voluitque
796 2998 888 3060 videri

163 3095 276 3157 Olenos
291 3114 355 3155 esse
370 3113 497 3155 nocens:
520 3104 611 3176 tuque
626 3115 645 3155 o
659 3095 767 3157 confisa
779 3095 889 3178 figurae,

163 3192 270 3254 Infelix
284 3190 417 3268 Lethaea,
432 3203 507 3266 tuae3
525 3188 708 3274 junctissima
723 3186 872 3276 quondam
1094 3197 1138 3258 70

164 3288 300 3368 Pectora,
314 3311 393 3353 nunc
407 3287 531 3371 lapides,
547 3310 619 3372 quos
634 3288 755 3351 humida
769 3289 891 3352 sustinet
905 3288 970 3354 lde.
