2356 4110
488 328 596 379 menn
619 329 694 380 stri.
1018 325 1074 386 1³1

97 480 230 545 AEecidae
245 477 387 543 foecunda
401 477 453 542 lui.
497 479 584 543 Jecet
601 479 676 542 llion
690 481 811 562 ingens:

101 578 281 662 Eventuque
297 578 380 660 gravi
393 578 473 641 finita
487 591 532 640 est
546 579 665 661 publica
677 579 794 641 clades:

102 677 131 739 si
143 678 226 739 finita
240 690 355 738 tannen.
399 676 462 739 Soli
476 677 546 738 mihi
562 676 710 758 Pergama
723 690 850 739 restant:
1014 679 1078 740 500

60 768 62 849 l
103 773 133 836 In
146 795 297 858 cursuque
311 795 396 836 meus
411 774 495 836 dolor
508 787 563 835 est.
608 772 705 835 Modd
718 775 849 836 maxima
862 795 971 852 rerum,

103 871 159 934 Tot
174 872 293 954 generis
308 871 441 956 natisque
456 885 573 954 potens,
587 872 766 954 nuribusque
782 872 914 955 viroque,

103 967 189 1032 Nunc
205 970 307 1031 trahor
320 970 416 1047 exsul,
431 969 527 1052 inops,
542 969 662 1031 tumulis
676 970 778 1031 avulsa
791 990 936 1047 meorum,

103 1065 264 1150 Penelopae
278 1086 402 1129 munus:
427 1085 492 1150 que
507 1088 567 1144 me,
582 1067 652 1128 date
665 1087 758 1150 pensa
772 1067 949 1144 trahentem,

103 1163 248 1227 Matribus
263 1164 421 1226 ostendens
436 1163 557 1241 Ithacis,
573 1172 592 1201 “
602 1163 676 1227 Haec
692 1163 831 1227 Hectoris
845 1165 893 1227 illa
908 1177 955 1228 est
1014 1168 1078 1228 505

105 1262 192 1325 Clara
207 1283 331 1346 parens:
354 1262 419 1325 hec
432 1263 508 1340 est‚”
525 1263 615 1339 dicet,
630 1261 809 1325 “Priameia
823 1261 969 1348 conjux.''
1129 1267 1133 1277 '

103 1358 235 1444 Postque
250 1374 294 1423 tot
309 1361 430 1424 amissos
445 1374 479 1423 tu
492 1382 582 1436 nunc,
598 1383 662 1444 quae
675 1360 739 1423 solo
751 1361 871 1424 levabas

102 1456 255 1520 Maternos
268 1458 376 1536 luctus,
391 1459 508 1522 hostilia
522 1459 608 1520 busta
622 1457 719 1540 pitsti.

103 1553 223 1619 Inferias
239 1556 316 1618 hosti
331 1557 445 1640 peperi.
490 1555 564 1630 Qud
579 1555 673 1618 ferrea
687 1558 785 1618 resto?

105 1652 225 1726 Quidve
242 1656 358 1717 moror?
381 1654 443 1738 qud
456 1675 505 1716 me
519 1674 630 1731 servas,
644 1654 785 1716 darnnosa
799 1656 956 1718 senectus?
1014 1658 1079 1718 510

104 1749 196 1829 Quid,
212 1751 245 1813 di
258 1751 407 1830 crudeles,
419 1753 474 1815 nisi
489 1752 548 1835 qud
563 1773 643 1814 nove
657 1751 760 1814 lunera
776 1772 908 1829 cernam,

106 1845 250 1912 Vivacem
266 1850 388 1913 differtis
401 1852 512 1913 anum?
556 1848 635 1924 Quis
651 1869 737 1931 posse
754 1861 869 1932 putaret

104 1943 238 2010 Felicem
253 1946 416 2025 Priamum,
432 1961 498 2031 post
513 1947 608 2010 dimta
622 1946 781 2028 Pergama,
797 1945 874 2009 dici?

105 2041 190 2108 Felix
205 2059 301 2108 morte
316 2045 382 2124 sui,
395 2067 452 2109 nec
466 2060 508 2123 te,
521 2067 590 2108 mea
604 2057 683 2122 nata,
698 2057 884 2128 peremptam

104 2143 251 2227 Adspicit,
268 2159 298 2207 et
313 2145 405 2207 vitam
418 2145 525 2228 pariter
539 2164 722 2226 regnumque
737 2143 863 2225 reliquit.
1014 2146 1077 2209 515

103 2241 142 2303 At
160 2240 266 2327 (puto)
283 2241 433 2304 firnerihus
448 2242 599 2319 dotabere,
613 2242 694 2323 regia
708 2241 808 2322 virg03

102 2338 318 2423 Condeturquc
332 2353 417 2403 tuum
430 2340 628 2402 monumentis
642 2360 749 2422 corpus
769 2339 864 2402 avitis.

98 2431 170 2500 Non
186 2432 254 2500 haec'
266 2450 310 2500 est
325 2436 440 2500 fortuna
454 2437 570 2499 domus.
615 2435 686 2499 Tibi
700 2456 822 2499 munera
835 2437 935 2500 matris

97 2535 288 2618 Contingent
302 2535 400 2612 fleurs,
415 2535 635 2618 peregrinaque
650 2534 771 2597 haustus
786 2556 891 2598 arenae.

95 2634 213 2698 Omnia
228 2633 421 2718 perdidimus.
466 2633 619 2716 Superest,
630 2654 683 2694 cur
698 2633 797 2695 vivere
812 2647 931 2717 tempus
1015 2635 1079 2698 520

92 2727 132 2795 ln
148 2734 243 2795 breve
258 2732 430 2809 sustineam,
444 2731 542 2815 proles
557 2730 718 2813 gratissima
731 2731 827 2806 matri,

93 2826 192 2893 Nunc
207 2830 298 2906 soluS,
314 2829 464 2913 quondam
477 2829 614 2891 minimus
628 2829 666 2890 de
681 2828 771 2910 stirpe
789 2826 874 2903 virili,

90 2925 165 2991 Has
182 2928 268 2990 datus
282 2926 406 2989 Ismario
418 2927 480 3009 regi
495 2926 663 3010 Polydorus
679 2925 706 2987 in
722 2945 798 2986 oras.

94 3025 186 3099 Quid
202 3047 301 3088 moror
314 3024 428 3087 interea
441 3024 572 3087 crudelia
586 3023 706 3086 vulnera
721 3021 852 3105 lymphis

96 3124 246 3200 Ablnere,
261 3135 292 3184 et
306 3142 422 3205 sparsos
436 3121 541 3184 immiti
554 3120 696 3203 sanguine
711 3120 836 3183 vultusi’
1016 3124 1079 3186 525

143 3221 249 3284 Dixit:
274 3234 304 3282 et
319 3220 357 3283 ad
372 3220 452 3284 littus
467 3241 555 3304 passu
571 3219 712 3301 processit
726 3218 805 3296 anili,

100 3320 250 3381 Albentes
264 3318 373 3381 laniata
386 3338 498 3381 comas.
544 3314 654 3391 ‘Date
665 3315 810 3392 Troades,
825 3314 950 3392 umam,’

101 3416 231 3482 Dixerat
245 3417 359 3494 infelix,
374 3415 499 3500 liquidas
514 3414 642 3476 hauriret
656 3427 690 3476 ut
703 3414 813 3475 undas:

105 3515 240 3600 Adspicit
256 3513 386 3601 ejectum
401 3512 543 3597 Polydori
558 3511 587 3575 in
601 3511 699 3574 littore
713 3529 831 3592 corpus,
