2356 4110
173 108 234 170 184
483 105 830 164 muranomaoanou

168 258 704 350 Ooeiditasuu(sievoev01eisus)
721 261 851 325 Achille.
1081 258 1172 328 590

169 361 230 439 Da,
245 378 359 446 precor,
374 360 443 424 huic
457 361 596 445 aliquem,
610 360 715 423 solado
727 360 839 436 mortis,
853 360 1011 439 bonorem,

169 458 291 523 Summe
306 459 400 523 derim
409 473 515 536 rector,
529 472 720 541 maternaque
734 457 856 520 minem
870 457 953 520 leni?

210 556 328 640 Jupiter
342 570 503 634 annuerat3
524 557 593 618 odra
608 554 779 617 Memnonis
794 556 903 618 arduus
917 556 980 619 alto

169 653 289 718 Corruit
303 656 371 737 igne
385 675 483 737 rogus,
498 654 631 737 nigrique
646 652 796 716 volumina
811 651 884 715 fumi

169 751 303 815 infecere
319 753 415 816 diem:
438 752 530 814 veluti
544 751 613 813 clun
628 749 748 812 flumina
762 764 846 814 natas
1081 753 1138 813 595

170 849 323 913 Exhalant
337 850 469 925 nebulae,
484 869 541 912 nec
556 848 599 910 sol
615 847 777 909 admittitur
790 846 875 910 iniri.

170 949 245 1010 Atra
261 946 359 1010 favilla
373 947 463 1023 volat,
479 947 697 1027 glomerataque
712 965 819 1027 eorpus
834 944 864 1006 in
880 966 974 1007 unum

170 1044 338 1119 Densatur;
359 1041 523 1125 {aciemque
538 1042 637 1124 capit:
660 1040 807 1124 sumitque
822 1041 952 1104 calorem

169 1142 271 1224 Atque
287 1140 415 1202 animam
429 1159 470 1200 ex
485 1138 554 1218 igni.
598 1137 721 1201 levitas
735 1159 788 1200 sua
804 1138 926 1221 praebuit
941 1139 1014 1202 alas.

170 1238 211 1302 Et
226 1237 321 1321 primti
335 1236 436 1299 similia
451 1236 573 1313 volucri,
588 1257 660 1298 mox
677 1257 745 1299 vera
760 1235 887 1298 volueris
1080 1238 1135 1299 600

168 1334 302 1398 Insonuit
315 1334 430 1418 pennis.
474 1331 590 1396 Pariter
604 1333 728 1397 mouera
743 1348 857 1395 sorores
952 1349 957 1356 ·

168 1432 343 1510 brudmere,
359 1433 464 1517 quibus
478 1446 525 1495 eat
539 1431 646 1494 eadem
659 1431 764 1494 natalia
777 1429 869 1512 origo.

168 1530 289 1615 Terque
304 1550 409 1613 rogum
422 1530 561 1592 lustrant:
584 1542 614 1590 et
628 1546 777 1591 consonus
790 1527 853 1590 exit
866 1527 899 1589 in‘
911 1544 1002 1591 turae

168 1628 232 1692 Ter
245 1630 381 1712 clangor:
404 1642 511 1713 quarto
521 1627 666 1690 seducunt
680 1638 776 1689 casua
791 1625 900 1688 volatu.

168 1727 249 1791 Tum
265 1729 325 1790 duo
339 1725 456 1790 diversi
471 1725 573 1810 populi
588 1723 626 1787 de
641 1737 725 1808 parte
740 1722 856 1786 seroces
1078 1725 1134 1787 605

167 1825 255 1888 Bella
269 1839 384 1908 gerunt,
399 1825 566 1908 rostrisque,
581 1835 612 1884 et
626 1821 746 1884 aduncis
760 1820 908 1902 unguibus
920 1819 980 1884 iras

168 1921 331 1999 Exercent,
347 1923 467 2004 alasque
482 1920 662 2003 adversaque
678 1932 799 2003 pectora
813 1918 939 1982 lassant:

167 2018 339 2103 lnserieque
354 2017 464 2080 cadunt
477 2017 569 2080 cineri
582 2030 709 2098 cognata
725 2017 841 2099 sepulto

167 2116 319 2200 Corpora:
343 2136 436 2197 seqre
453 2115 514 2178 viro
528 2112 595 2178 lorti
609 2113 772 2176 meminero
785 2127 910 2179 creatae.

209 2213 392 2297 Praepetibus
406 2213 508 2275 subitis
522 2234 631 2275 nornen
646 2210 715 2274 fucit
729 2224 850 2288 auctor3
871 2210 975 2274 abillo
1076 2212 1134 2274 010

165 2309 374 2373 Memnonides
388 2310 483 2386 dicta,
497 2311 567 2372 cirrn
581 2308 624 2370 sol
640 2308 777 2372 duodena
792 2309 906 2392 peregit

165 2405 265 2490 Signa,
282 2406 423 2490 parentali
438 2406 573 2490 peritura
588 2403 687 2468 Marte
702 2407 855 2471 rebellant.

165 2504 247 2589 Ergo
261 2506 323 2570 aliia
337 2503 457 2568 laussae
473 2502 657 2587 Dymantida
671 2501 770 2566 flebile
785 2504 899 2567 visum:

164 2604 308 2668 Luctibus
323 2617 368 2668 est
382 2605 498 2666 Aurora
512 2600 571 2663 suis
584 2601 705 2677 intenta,
720 2601 842 2684 piaeque

165 2700 255 2765 Nunc
270 2722 387 2786 quoque
402 2701 452 2765 dat
466 2701 622 2785 lacrymas,
636 2712 668 2762 et
682 2711 745 2762 toto
758 2712 836 2762 rorat
850 2699 882 2762 in
895 2698 979 2762 orbe.
1075 2700 1132 2762 615
