2356 4110
97 297 140 356 80
395 300 743 352 METAMORPHOSEON

98 454 247 537 Civilique
261 452 371 516 cadunt
386 452 461 514 acie.
507 451 667 513 Gratantur
681 449 808 513 Achivi:

98 550 310 635 Victoremque
325 562 446 626 tenent3
468 549 619 633 avidisque
635 547 823 632 amplexibus
837 548 962 613 herent.

140 648 320 730 Pervigilem
335 661 469 730 superest
483 647 581 709 herbis
596 646 693 730 sopire
708 646 886 724 draconem3

98 746 163 819 Qui
176 745 264 808 cristi
277 745 442 829 linguisque
458 745 548 807 tribus
563 745 721 828 praesignis,
737 757 768 806 et
782 745 867 808 uncis

98 843 247 906 Dentibus
261 843 433 920 horrendus,
448 854 547 905 custos
562 855 623 904 erat
637 841 733 903 arietis
749 843 840 904 aurei.
1035 846 1075 908 50

98 939 189 1004 Hunc
204 953 360 1025 postquam
375 940 480 1024 sparsit
495 939 610 1003 Lethaei
625 939 756 1020 granum
771 940 872 1018 suoci3

99 1038 258 1124 Verbaque
274 1052 319 1101 ter
333 1038 408 1101 dixit
423 1038 554 1121 placidos
569 1036 705 1099 facientia
719 1059 848 1116 somnos,

98 1135 177 1211 Quae
192 1159 272 1199 mare
288 1137 445 1212 turbatum,
461 1157 525 1218 quae
540 1135 657 1197 concita
670 1134 793 1197 flumina
807 1136 929 1215 sistant3

99 1234 226 1297 Somnus
240 1235 270 1296 in
285 1235 399 1315 ignotos
414 1233 515 1294 oculos
531 1232 678 1314 subrepit:
702 1245 733 1294 et
748 1255 819 1296 auro

99 1329 197 1393 Heros
211 1331 351 1392 AEsonius
365 1330 491 1412 potitur:
515 1329 668 1413 spolioque
684 1331 838 1413 superbus,
1033 1333 1074 1395 55

98 1426 232 1489 Muneris
249 1441 399 1489 auctorem
414 1447 526 1503 secum,
541 1428 634 1510 spolia
647 1427 750 1505 altera,
766 1442 896 1512 portans,

100 1524 204 1588 Victor
217 1525 359 1588 Iolciacos
373 1526 469 1608 tetigit
482 1547 552 1588 cum
567 1524 693 1609 conjuge
705 1540 816 1610 portus.

142 1622 304 1685 Haemoniae
319 1637 426 1685 matres
440 1645 494 1707 pro
509 1624 603 1704 gnatis
618 1623 695 1685 dona
709 1624 847 1706 receptis,

99 1719 315 1805 Grandaevique
331 1720 427 1783 ferunt
442 1735 557 1804 patres3
578 1733 780 1804 congestaque
794 1721 917 1784 flammi

98 1818 202 1881 Thura
216 1819 378 1903 liquefiunt,
393 1818 571 1902 inductaque
586 1819 721 1881 cornibus
737 1840 841 1881 aurum
1033 1822 1077 1885 60

100 1915 232 1980 Victima
246 1932 315 1980 vota
327 1917 416 1980 cadit.
462 1917 523 1979 Sed
539 1917 621 1979 abest
635 1917 814 1999 gratantibus
829 1916 937 2004 AEmn,

99 2015 166 2077 Jam
183 2017 301 2100 propior
314 2017 385 2092 leto,
400 2015 553 2098 fessusque
568 2015 707 2077 senilibus
723 2013 815 2076 annis

100 2111 181 2174 Ciim
195 2114 237 2175 sie
252 2113 427 2175 AEsonides:
452 2111 499 2173 ‘O
514 2112 561 2174 cui
577 2112 685 2173 debere
700 2112 825 2174 salutem

99 2209 262 2285 Confiteor,
277 2209 397 2292 conjux,
414 2230 580 2292 quanquam
595 2209 667 2270 mihi
682 2223 790 2271 cuncta
803 2209 920 2287 dedisti,

100 2305 297 2390 Excessitque
311 2306 399 2368 fidem
413 2306 583 2368 meritorum
597 2329 712 2369 summa
724 2320 859 2384 tuorum3
1033 2309 1076 2372 65

100 2404 132 2466 Si
147 2417 245 2467 tamen
261 2404 318 2466 hoe
333 2417 472 2486 possunt:
497 2403 567 2488 quid
582 2405 660 2467 enim
674 2427 733 2466 non
748 2405 878 2467 carmina
892 2405 1026 2489 possint?

99 2501 199 2564 Deme
214 2501 287 2563 meis
302 2501 394 2577 annis,
410 2515 440 2563 et
452 2501 591 2583 'demptos
607 2502 682 2563 adde
697 2502 832 2585 parenti!

99 2597 166 2661 Nec
181 2599 274 2660 tenuit
288 2599 442 2681 lacrymas.
488 2597 574 2660 Mota
589 2613 634 2660 est
650 2600 761 2682 pietate
776 2601 921 2683 rogantis:

99 2695 339 2781 Dissimilemque
355 2696 485 2758 animum
500 2697 588 2758 subiit
602 2697 692 2760 AEeta
706 2698 835 2761 relictus.

98 2793 168 2857 Non
183 2810 282 2858 tamen
298 2796 419 2859 affectus
434 2795 508 2858 tales
522 2795 666 2872 consessa,
682 2793 815 2872 ‘Quod'
831 2796 936 2879 inquit,
1032 2801 1075 2860 70

99 2892 238 2956 ‘Excidit
253 2916 303 2956 ore
319 2896 378 2979 pio,
393 2893 513 2978 conjux,
529 2894 645 2956 scelus?
668 2914 738 2975 ergo
753 2914 809 2975 ego
822 2893 962 2978 cuiquam

97 2988 191 3051 Posse
206 3003 263 3052 tuae
278 2993 378 3053 videar
393 2993 520 3075 spatium
534 2991 725 3054 transcribere
741 2992 829 3054 vitae?

98 3084 165 3149 Nec
179 3087 254 3148 sinat
268 3087 326 3149 hoc
342 3086 477 3164 Hecate3
498 3109 554 3149 nec
569 3102 601 3150 tu
616 3090 692 3171 petis
707 3109 806 3171 aqua:
830 3089 883 3151 sed
897 3090 965 3167 isto,

98 3183 191 3256 Quod
206 3183 292 3266 petis,
308 3184 444 3267 experiar
457 3183 552 3267 majus
567 3185 636 3247 dare
651 3207 768 3262 munus,
783 3184 881 3249 liison.

97 3282 172 3344 Arte
183 3280 252 3344 meir
265 3281 357 3343 soceri
371 3280 493 3361 longum
507 3283 683 3344 tentabimus
699 3305 804 3362 aevum,
1030 3288 1074 3350 75

97 3378 167 3441 Non
182 3380 264 3442 annis
278 3399 417 3442 revocare
432 3378 500 3439 tuis.
544 3376 639 3440 Modo
655 3380 724 3442 diva
736 3379 871 3443 triformis

96 3476 248 3560 Adjuvet3
271 3491 302 3540 et
316 3497 443 3561 praesens
458 3475 623 3557 ingentibus
639 3477 748 3540 adnuat
763 3477 864 3540 ausis!
