2356 4110
172 279 233 341 156
566 288 757 339 unnornns.

169 432 233 497 Irus
249 453 349 515 egens,
365 431 538 516 pecorisque
552 430 737 495 Melanthius
752 445 834 496 actor
847 433 967 513 edendi,

211 531 343 594 Ultimus
357 530 503 592 accedunt
517 530 545 592 in
561 543 612 592 tua
627 531 734 593 damna
749 531 855 614 pudor.

168 629 246 691 Tres
261 649 361 691 sumus
375 627 509 690 imbelles
523 650 647 690 numem
661 650 669 705 ;
690 628 752 691 sine
767 629 876 692 viribus
891 652 978 707 uxor,

211 725 395 808 Laertesque
410 746 514 802 senex,
529 725 789 810 Telemachusque
805 747 890 810 puer.

168 820 223 886 Ille
238 845 292 906 per
306 823 423 886 insidias
439 823 515 906 pene
532 837 577 885 est
591 823 662 886 mihi
676 845 772 907 nuper
786 824 942 908 ademptus
955 847 964 903 3

211 922 294 984 Dum
311 936 403 1005 parat,
418 921 514 983 invitis
529 922 675 999 omnihus,
689 921 731 984 ire
746 920 857 1005 Pylon.

168 1018 212 1083 Di
234 1041 339 1103 precor
353 1021 410 1081 hoo
421 1018 556 1103 jubeant,
571 1032 614 1094 ut,
631 1020 767 1081 euntibus
782 1020 884 1082 ordine
899 1019 976 1100 fatis,

211 1118 266 1180 Ille
281 1139 364 1179 meos
379 1117 480 1179 oculos
494 1117 680 1198 comprimat,
695 1117 744 1178 ille
759 1130 835 1178 tuos.

168 1213 237 1277 Hoc
253 1215 363 1277 saciuut
377 1226 536 1295 custosque
552 1213 653 1289 houm,
668 1212 861 1298 longaevaque
875 1215 995 1277 nutrix:

210 1312 340 1388 Tertius,
355 1309 512 1372 immunde
527 1331 598 1371 cura
611 1309 704 1372 fidelis
720 1311 808 1373 hara.

169 1407 230 1470 Sed
246 1429 343 1490 neque
359 1407 494 1483 Laertes,
509 1420 543 1468 ut
558 1407 608 1490 qui
622 1407 658 1469 sit
674 1408 783 1470 inutilis
798 1409 896 1485 armis,

210 1503 354 1568 Hostibus
370 1505 399 1566 in
414 1504 518 1566 mediis
532 1525 622 1585 regna
635 1517 737 1567 tenere
752 1505 842 1568 valet.
1077 1504 1122 1566 100
1170 1580 1172 1594 Ι

166 1600 352 1665 Telemacho
368 1601 467 1665 veniet
486 1600 582 1687 (vivat
596 1600 701 1686 modd)
719 1601 820 1664 fortior
832 1615 920 1665 aetas:

210 1699 240 1762 N
242 1722 300 1762 unc
315 1714 376 1762 erat
391 1699 506 1761 auxiliis
522 1698 570 1760 illa
584 1699 694 1760 tuenda
709 1699 809 1782 patris.

169 1795 234 1858 Nec
248 1797 320 1859 mihi
336 1811 403 1859 sunt
418 1797 493 1859 vires
508 1796 640 1859 inimicos
655 1797 765 1879 pellere
780 1797 877 1860 tectis.

208 1893 258 1956 Tu
274 1895 360 1957 citius
375 1895 485 1971 venias,
501 1908 602 1977 portus
618 1908 648 1956 et
663 1915 713 1955 ara
727 1895 794 1957 tuis.

167 1989 223 2052 Est
238 1992 300 2068 tibi,
316 1993 422 2074 sitque,
438 2012 552 2074 precor,
568 2005 665 2068 natuS,
681 1991 731 2074 qui
746 1992 883 2055 mollibus
896 1994 980 2056 annis
1080 1991 1128 2054 105

208 2087 243 2148 In
260 2089 366 2170 patrias
381 2102 457 2150 artes
473 2087 650 2150 erudiendus
666 2102 740 2150 erat.

167 2182 298 2268 Respice
314 2184 460 2247 Laerten:
484 2198 518 2246 ut
528 2184 591 2269 jam
605 2207 659 2247 sua
673 2185 783 2248 lumina
798 2187 920 2252 condas.

209 2280 386 2344 Extremum
403 2281 453 2344 sati
466 2283 590 2344 sustinet
603 2282 652 2344 ille
668 2282 757 2345 diem.

165 2377 258 2442 Certe
274 2401 340 2462 ego,
357 2401 420 2464 quae
436 2379 559 2457 sueram,
574 2393 604 2441 te
620 2380 801 2457 discedente,
816 2381 927 2464 puella,

208 2476 345 2540 Protinus
360 2491 393 2539 ut
407 2478 520 2554 redeas,
536 2476 614 2539 sacta
627 2477 750 2541 videbor
763 2499 847 2541 anus.
1082 2482 1137 2546 110

493 2699 712 2764 EPISTOLA
735 2699 808 2763 VH.

544 2870 626 2914 nmo
647 2870 758 2912 AENEE·

163 2979 243 3058 SIC,
258 2981 308 3042 ubi
324 2981 383 3044 sata
397 2997 514 3060 vocant,
529 2984 594 3046 udis
610 2982 741 3068 abjectus
756 2981 784 3044 in
801 2981 909 3061 herbis,

205 3078 256 3140 Ad
272 3077 346 3138 vada
361 3076 504 3140 Maeandri
519 3081 648 3142 concinit
663 3081 745 3142 albus
762 3079 835 3142 olor.

163 3175 240 3252 Nec,
257 3175 324 3259 quia
338 3188 367 3236 te
382 3174 481 3235 nostri
495 3196 613 3258 sperem
628 3200 716 3261 prece
732 3199 819 3261 posse
835 3180 958 3258 moveri,

205 3273 366 3357 Alloquor:
390 3271 515 3334 adverso
530 3273 674 3336 movimus
690 3276 744 3338 ista
758 3276 826 3338 dec.

161 3368 271 3432 Certus
286 3392 318 3432 es
334 3370 374 3433 ire
390 3385 500 3446 tamen,
516 3369 711 3455 miseramque
726 3374 892 3458 relinquere
907 3373 1008 3439 Dido:
1122 3382 1145 3445 5

106 3472 109 3481 '
204 3467 305 3550 Atque
320 3466 398 3529 idem
415 3467 494 3529 venti
510 3467 575 3530 vela
591 3467 740 3553 fidemque
755 3470 861 3534 serent.
