2356 4110
425 320 773 375 METAMORPHOSEON

495 569 636 635 LIBER
659 567 701 632 ll.

423 799 655 844 rflanrflortrrs
678 798 773 840 HORS.

562 998 591 1037 v.
610 980 638 1037 1.

110 1162 209 1245 Regia
223 1161 301 1225 Solis
316 1173 380 1223 erat
393 1159 565 1222 sublimibus
581 1158 641 1220 alta
654 1157 810 1234 columnis,

110 1260 201 1324 Clara
214 1260 343 1322 micante
358 1279 439 1334 auro,
454 1256 648 1339 flammasque
663 1255 795 1317 imitante
810 1275 945 1338 pyropo:

110 1356 208 1441 Cujus
223 1357 296 1419 ebur
309 1355 435 1417 nitidum
449 1353 563 1436 fastigia
576 1374 693 1416 summa
706 1352 843 1415 tenebat:

110 1453 237 1537 Argenti
252 1453 359 1516 bifores
372 1452 525 1515 radiabant
538 1451 650 1513 lumine
665 1452 769 1513 valvae.

109 1552 269 1616 Materiam
284 1554 442 1637 superabat
455 1573 541 1636 opus,
556 1573 626 1613 nam
640 1550 791 1615 Mulciber
805 1549 864 1614 illic
1070 1553 1090 1614 5

109 1651 243 1734 AEquora
258 1651 385 1729 caelarat,
399 1650 513 1713 medias
527 1649 675 1735 cingentia
690 1663 791 1727 terras,

109 1749 330 1833 Terrarumque
345 1749 458 1826 orbem,
473 1748 656 1830 coelumque,
673 1746 752 1832 quod
766 1746 900 1809 imminet
914 1745 988 1809 orbi.
1064 1772 1068 1780 ·

109 1846 262 1911 Caruleos
276 1848 366 1911 habet
381 1847 461 1910 unda
471 1846 562 1924 deos3
584 1845 709 1908 'Ilitona
723 1867 874 1923 canorum,

108 1944 278 2030 Proteaque
293 1947 476 2029 ambiguum,
490 1945 728 2027 balaenarumque
743 1955 929 2027 prementem

108 2042 326 2126 AEgaeonaxsuis
341 2044 480 2106 immania
495 2057 577 2123 terga
590 2042 717 2117 lacertis,
1050 2044 1090 2104 10

109 2140 293 2223 Doridaque,
309 2154 340 2201 et
353 2153 454 2202 natas:
478 2160 601 2222 quarum
616 2158 683 2219 pars
698 2156 769 2198 nare
784 2137 930 2216 videntur,

107 2237 181 2301 Pars
196 2239 226 2301 in
240 2230 319 2299 mole
335 2236 441 2298 sedens
457 2235 564 2297 virides
577 2235 688 2297 siccare
703 2230 844 2318 capillos3

106 2334 196 2399 Pisce
211 2335 281 2397 vehi
296 2334 440 2417 quaedam.
486 2332 594 2397 Facies
608 2355 668 2395 non
684 2334 820 2397 omnibus
834 2355 906 2412 una,

107 2432 138 2496 N
140 2454 176 2496 ec
191 2433 307 2495 diversa
320 2446 438 2495 tamen:
463 2432 581 2516 qualem
597 2431 684 2515 decet
699 2453 923 2495 esse-sororum.

106 2531 203 2593 Terra
218 2531 305 2607 viros,
320 2531 468 2614 urbesque
483 2530 567 2611 gerit,
583 2530 605 2592 s'
673 2551 741 2612 que,
756 2529 902 2616 ferasque,
1048 2532 1089 2594 15

106 2628 317 2712 Fluminaque,
333 2641 363 2690 et
377 2628 537 2710 nymphas,
553 2641 583 2690 et
597 2650 614 2690 c
640 2640 703 2688 tera
717 2628 838 2689 numina
851 2629 935 2691 ruris.

95 2724 182 2797 ..Haeo
196 2747 287 2810 super
301 2725 439 2808 imposita
453 2738 498 2787 est
512 2725 582 2788 coeli
597 2723 736 2806 fulgentis
749 2725 864 2807 imago:

106 2823 257 2909 Signaque
273 2845 328 2886 sex
342 2822 451 2886 soribus
466 2822 589 2900 dextris,
605 2821 787 2906 totidemque
802 2823 933 2887 sinistris.
972 2816 1011 2905 ,ἦ
1033 2840 1035 2845 ·

97 2894 130 2959 l
148 2921 223 2996 Qut
238 2922 324 2985 simul
339 2922 452 2985 acclivo
467 2901 653 3006 Clymeneia
662 2920 754 2984 limite
769 2922 867 3005 proles
980 2904 984 2913 ’

107 3018 210 3096 Venit,
226 3033 256 3081 et
271 3020 389 3081 intravit
404 3020 528 3083 dubitati
544 3032 624 3083 tecta
637 3021 785 3102 parentis3
1044 3023 1088 3086 20

105 3117 244 3181 Protinus
261 3116 299 3179 ad
313 3116 422 3199 patrios
436 3137 490 3177 sua
503 3116 559 3179 fert
573 3102 696 3207 vdsligia
710 3118 828 3180 vultus:

106 3215 310 3298 Consistitque
327 3213 446 3297 procul:
471 3220 569 3297 neque
585 3215 664 3277 eninr
679 3215 817 3299 propiora
830 3215 943 3278 serebat

105 3312 247 3389 Lumina.
292 3309 449 3395 Purpurea
464 3310 579 3373 velatus
594 3327 677 3377 veste
691 3313 815 3377 sedebat

106 3411 144 3474 ln
158 3410 232 3475 solio
246 3410 392 3486 Phoebus,
406 3408 492 3471 claris
507 3408 626 3471 lucente
641 3411 811 3493 smaragdis.

106 3508 137 3570 A
152 3507 268 3587 dextri,
282 3506 418 3593 laequue
433 3504 520 3585 Dies,
536 3519 567 3569 et
581 3504 707 3585 Mensis,
722 3521 753 3572 et
766 3508 884 3587 Annus,
1042 3510 1088 3573 aa
1112 3526 1115 3531 '
