2370 4110
404 320 581 375 ualerone
602 323 677 375 XIII.

380 528 599 595 EPISTOLA
628 533 717 597 XIII.

350 721 514 766 monam
536 724 747 769 PROTESILAO·

57 867 199 946 Mmrn,
213 881 244 930 et
257 882 341 952 optat
354 891 470 949 amans,
482 872 543 956 qud
556 874 687 952 mittitur,
703 876 755 954 ire,
770 877 908 957 salutem,

100 965 239 1029 AEmonis
253 966 397 1032 AEmonio
412 969 576 1033 Laodamia
591 971 663 1033 viro.

56 1064 169 1127 Aulide
184 1077 215 1126 te
229 1063 309 1129 fama
322 1079 368 1128 est
383 1081 474 1130 vento
486 1069 630 1131 retinente
645 1070 761 1132 morari.

101 1160 171 1223 Ah!
195 1182 244 1223 me
258 1161 328 1224 cum
342 1162 470 1244 lugeres,
484 1165 532 1228 hic
545 1165 597 1229 ubi
611 1181 716 1231 ventus
732 1169 814 1231 erat?

56 1258 139 1320 Tum
154 1259 228 1322 freta
242 1260 404 1325 debuerant
419 1264 521 1326 vestris
534 1263 676 1327 obsistere
689 1266 788 1329 remu.

100 1354 179 1418 Illud
194 1371 256 1420 erat
270 1360 354 1421 saevis
369 1360 439 1424 utile
455 1374 572 1444 tempus
586 1364 678 1446 aquis.

56 1453 171 1515 Oscula
185 1456 270 1538 plura
284 1457 357 1534 uuo,
372 1458 569 1542 mandataque
585 1461 669 1542 plura
684 1460 849 1525 dedissem:

100 1551 143 1614 Et
157 1565 225 1614 sunt
239 1575 304 1637 quae
320 1555 400 1618 volui
414 1555 511 1619 dicere
526 1556 611 1639 plura
629 1557 691 1618 tibi.

57 1647 176 1731 Raptus
191 1671 222 1712 es
237 1651 306 1714 hinc
321 1673 469 1736 praeceps:
493 1666 534 1730 et,
549 1654 599 1737 qui
614 1667 665 1717 tua
680 1654 746 1717 vela
761 1668 891 1732 vocaret,

101 1745 204 1819 Quem
218 1762 362 1831 cuperent
376 1764 481 1827 nautae,
496 1771 555 1813 non
569 1772 640 1832 ego„
653 1765 757 1813 ventus
771 1764 843 1815 erat.
992 1757 1031 1817 10

58 1841 176 1906 Ventus
191 1859 252 1907 erat
266 1846 362 1913 nautis
376 1860 472 1929 aptus,
487 1869 548 1910 non
563 1861 649 1929 aptus
664 1848 782 1911 amanti.

100 1940 208 2004 Solvor
221 1942 261 2005 ab
272 1943 423 2026 amplexu,
438 1943 613 2020 Pausiae,
627 1957 700 2021 tuo;

56 2037 234 2123 Linguaque
249 2040 417 2103 mandantis
429 2040 516 2102 verba
532 2040 872 2125 imperfectarelinqui13

101 2135 164 2198 Vix
179 2136 249 2198 illud
264 2137 359 2219 potuit
375 2137 472 2200 dicere
488 2137 568 2200 triste
584 2136 703 2201 ‘Vale'
760 2171 799 2213 χ

56 2231 194 2295 Incubuit
207 2231 331 2310 Boreas,
347 2234 527 2318 abreptaque
542 2236 609 2298 vela
623 2235 766 2312 tetendit3
813 2274 819 2331 Ι
989 2239 1029 2300 15

98 2329 227 2414 Jamque
242 2352 328 2392 meus
341 2331 428 2412 louge
444 2331 621 2394 Protesilaus
636 2348 708 2395 erat.

56 2426 139 2490 Dum
155 2429 238 2511 potui
252 2442 387 2512 spectare
402 2428 506 2507 vuum,
522 2443 655 2512 spectare
665 2429 805 2514 juvabat:

98 2524 232 2608 Sumque
246 2540 312 2589 tuos
326 2527 427 2588 oculos
443 2547 535 2610 usque
551 2540 652 2589 secma
666 2527 750 2590 meis.

55 2620 99 2684 Ut
114 2635 143 2684 te
160 2644 218 2685 non
232 2637 375 2706 poteram,
391 2637 524 2707 poteram
539 2638 590 2686 tua
604 2625 670 2687 vela
686 2623 801 2687 videre:

99 2719 178 2782 Vela
192 2721 241 2782 diu
257 2720 355 2783 vultus
369 2721 522 2784 detinuere
537 2742 629 2783 meos.

55 2817 98 2879 At
114 2831 270 2902 postquam
284 2839 340 2882 nec
355 2832 396 2895 te,
411 2839 467 2880 nec
483 2818 549 2879 vela
563 2817 677 2898 fugacia
693 2815 752 2878 vidi
761 2838 769 2893 ;

98 2914 140 2977 Et
155 2915 233 2998 quod
248 2928 425 2998 spectarem,
440 2915 491 2990 nil,
506 2914 560 2977 nisi
574 2926 692 2996 pontus,
710 2925 772 2975 eret
781 2934 790 2989 ;

54 3011 126 3078 Lux
143 3033 260 3096 quoque
275 3025 376 3076 tecum
390 3012 476 3087 abiit3
500 3009 625 3073 tenebris
642 3009 799 3093 exsanguis
813 3009 921 3074 obortis

98 3109 247 3172 Succiduo
262 3111 342 3173 dicor
356 3109 546 3193 procubuisse
562 3130 651 3190 genu.

56 3205 118 3268 Vix
133 3227 217 3270 socer
231 3206 372 3291 Iphiclus,
388 3208 439 3268 vix
453 3227 502 3268 me
517 3206 688 3288 grandaevus
706 3205 842 3283 Acastus,

97 3302 161 3366 Vix
175 3318 269 3368 mater
283 3304 381 3387 gelida
396 3317 500 3367 moesta
515 3302 617 3366 resecit
632 3303 720 3387 aqud.

53 3400 195 3464 Officium
210 3402 308 3467 secere
323 3402 416 3485 pium,
431 3401 484 3463 sed
499 3401 600 3464 inutile
613 3400 708 3464 nobis.

10 3545 14 3554 .
97 3497 238 3581 Indignor
250 3500 362 3565 misere
376 3520 436 3563 non
449 3498 567 3561 licuisse
580 3498 664 3562 mori.
