2356 4110
154 111 197 175 38
471 114 818 165 METAMORPHOSEON

156 269 283 351 Surgere
298 267 381 350 signa
395 267 507 329 solent:
531 267 718 352 primumque
733 266 890 328 ostendere
905 266 1040 346 vultum3

156 365 273 429 Caetera
288 366 447 449 paulatim:
472 365 647 448 placidoque
663 364 769 426 educta
784 377 886 426 tenore
1095 368 1138 429 9⁰

155 464 236 527 Tota
250 478 371 548 patent;
393 464 513 547 imoque
529 463 622 546 pedes
637 462 665 524 in
682 463 812 544 margine
828 476 952 545 ponunt.

156 562 289 625 Territus
304 564 389 624 hoste
403 584 482 623 novo
498 560 632 623 Cadmus
647 580 755 642 capere
770 582 852 622 arma
866 562 1006 643 parabat:

157 660 224 723 ‘Ne
240 660 336 742 oape,'
353 661 390 721 de
406 659 528 743 populo,
544 681 633 743 quem
649 672 724 720 tena
738 671 900 735 creaverat,
916 681 992 722 unus

157 758 317 822 Exclamat
326 781 334 835 ;
357 765 431 820 ‘nec
447 772 476 821 te
491 758 624 820 civilibus
640 758 735 820 insere
751 756 857 818 bellis!

155 857 258 941 Atque
274 857 314 920 ita
329 856 481 938 terrigenis
495 856 588 937 rigido
603 856 640 917 de
655 854 790 917 fratribus
804 877 921 947 unum¹
1050 938 1054 943 Ι
1094 857 1136 918 95

128 1032 130 1037 Ι
156 954 303 1019 Cominus
318 977 387 1017 ense
403 953 485 1016 serit:
505 954 606 1039 jaculo
620 954 699 1016 eadit
714 955 828 1016 eminus
845 954 920 1037 ipse.
1030 950 1036 963 '

157 1053 217 1116 Hic
233 1074 361 1137 quoque,
378 1052 427 1134 qui
442 1052 503 1114 leto
518 1053 650 1129 dederat,
665 1074 725 1114 non
740 1053 856 1134 longiis
871 1052 922 1114 illo
1030 1096 1033 1101 -

157 1150 252 1227 Vivit,
268 1164 298 1212 et
313 1150 454 1233 exspirat,
469 1150 560 1212 modd
576 1172 648 1234 quas
663 1164 830 1234 acceperat,
846 1172 941 1212 auras.

157 1249 369 1332 Exemploque
384 1249 447 1332 pari
462 1247 530 1311 surit
544 1249 640 1312 omnis
655 1251 740 1312 turba
750 1270 769 1312 :·
780 1271 893 1333 suoque

157 1347 256 1410 Marte
270 1347 381 1410 cadunt
394 1348 482 1410 subiti
497 1369 551 1431 per
564 1361 669 1410 mutua
683 1349 805 1410 vulnera
819 1347 932 1409 fratres
1060 1348 1138 1439 ,100

132 1442 285 1532 ”Jamque
300 1449 398 1511 brevis
413 1449 539 1531 spatium
556 1450 622 1511 vitae
638 1451 738 1512 sortita
748 1448 888 1533 juventus

157 1548 358 1630 Sanguineam
372 1547 488 1631 trepido
503 1548 682 1631 plangebant
697 1561 818 1631 pectore
833 1559 989 1625 matrem‚q

157 1645 301 1731 Quinque
315 1647 536 1732 superstitibus:
561 1668 686 1730 quorum
700 1644 755 1708 suit
768 1666 844 1707 uuus
859 1643 988 1707 Echion.

156 1745 187 1808 Is
201 1767 255 1809 sua
265 1746 338 1831 jeoit
353 1745 446 1823 humi,
462 1746 574 1809 monitu
590 1744 762 1821 Tritonidis,
777 1764 875 1820 anna3

157 1842 367 1928 Fratemaeque
382 1845 471 1907 fidem
487 1844 568 1927 paois
583 1843 738 1926 petiitque,
750 1843 902 1926 deditque.
1077 1840 1139 1901 105

158 1941 223 2004 Hos
239 1942 336 2025 operis
351 1941 475 2005 comites
489 1942 591 2004 habuit
606 1941 745 2009 Sidonius
759 1941 868 2023 hospes
880 1962 887 2017 ;

159 2038 240 2102 Cum
255 2041 353 2123 posuit
363 2039 478 2124 jussam
493 2039 638 2103 Phoebeis
652 2039 778 2101 sortibus
792 2039 908 2101 urbem.

385 2296 517 2338 AGTAEON
540 2296 575 2337 IN
598 2295 732 2337 CERVUM
753 2294 915 2336 MUTATUS·

590 2480 619 2520 v.
635 2461 706 2521 131.

158 2631 227 2694 Jam
242 2632 358 2694 stabant
371 2630 504 2695 Theba:
528 2645 646 2717 poteras
656 2630 730 2716 jam,
745 2629 874 2708 Cadme,
890 2629 983 2693 videri

159 2728 275 2792 Exsilio
288 2731 378 2792 felix:
401 2732 495 2794 soceri
510 2731 561 2795 tibi
577 2730 719 2815 Marsque
735 2727 900 2814 Venusque

159 2826 371 2908 Contigerant:
396 2829 454 2891 huc
470 2829 546 2892 adde
561 2852 655 2910 genus
670 2830 708 2891 de
722 2827 849 2913 conjuge
865 2826 958 2904 tentd,
1080 2830 1143 2889 110

158 2925 221 2990 Tot
235 2938 330 3002 natos,
346 2940 499 3009 natasque,
515 2940 556 3003 et,
571 2928 692 3011 pignora
707 2948 784 3003 cara,
800 2940 936 3010 nepotes.

160 3024 225 3088 Hos
241 3045 358 3108 quoque
370 3023 433 3108 jam
444 3023 581 3108 juvenes.
627 3026 698 3103 Sed,
713 3025 835 3105 seilicet,
850 3025 955 3088 ultima
968 3032 1090 3109 semper

160 3122 375 3208 Exspectanda
389 3123 452 3185 dies
467 3123 595 3189 homini:
620 3125 736 3208 dicique
750 3125 855 3188 beatus

159 3222 243 3285 Ante
258 3223 370 3287 obitum
385 3244 474 3285 nemo
489 3243 687 3307 supremaque
702 3223 804 3286 funera
823 3223 952 3383 debetffi
1169 3272 1173 3297 ,

203 3320 306 3385 Prima
318 3344 413 3421 nepos
428 3320 844 3421 interptotpestibi‚5Cadme,
859 3342 910 3384 seo
972 3340 1005 3383 as
1082 3320 1143 3383 115
1166 3334 1171 3345 ·
