2356 4110
385 556 770 631 HEROIDES.

447 939 666 1004 EPlSTOLA
688 940 716 1003 I.

419 1133 588 1175 Pnunnorz
617 1133 740 1174 ULYSSI·

104 1288 187 1357 Hinc
203 1308 254 1357 tua
269 1293 424 1378 Penelope
439 1294 520 1357 lento
535 1293 587 1356 tibi
601 1294 700 1372 mittit,
715 1293 836 1380 Ulysss.

138 1391 185 1455 Nil
200 1392 271 1455 mihi
286 1393 427 1455 rescribas
442 1406 475 1454 ut
488 1406 599 1468 tamen,
615 1391 677 1475 ipse
693 1394 771 1456 veni.

98 1485 183 1574 Troja
194 1489 277 1574 jacet
290 1490 385 1567 certe,
400 1488 514 1552 Danais
529 1488 622 1550 invisa
637 1491 752 1572 puellis.

138 1585 198 1648 Vix
213 1585 350 1649 Priamus
365 1585 449 1663 tanti,
465 1574 584 1668 totaque
599 1584 701 1670 Troja,
717 1586 781 1648 suit,

98 1680 223 1754 Quando
238 1705 295 1764 ego
309 1705 368 1745 non
384 1681 467 1745 timui
482 1682 613 1764 graviora
628 1683 758 1765 pericula
772 1682 869 1745 veris?
1044 1686 1066 1746 5

139 1777 199 1842 Res
215 1793 260 1842 est
274 1779 388 1843 solliciti
404 1780 493 1863 plena
507 1779 617 1842 timoris
633 1801 724 1843 amor.

100 1872 171 1938 Inte
184 1878 333 1960 fingebam
348 1876 492 1939 violentos
508 1874 604 1940 'I'roas
618 1877 725 1939 ituros:

139 1973 264 2037 Nomine
280 1976 310 2037 in
325 1973 477 2038 Hectoreo
492 1974 600 2058 pallida
614 1996 732 2058 semper
745 1995 836 2037 eram.

102 2067 162 2134 Sive
178 2072 242 2156 quis
257 2072 453 2134 Antilochum
467 2071 601 2134 narrabat
616 2072 653 2134 ab
668 2070 800 2134 Hectore
815 2070 926 2134 victum
934 2092 944 2148 3

139 2169 313 2232 Antilochus
328 2168 418 2231 nostri
433 2189 522 2230 causa
536 2168 646 2231 timoris
662 2181 740 2231 erat:
827 2216 834 2226 .
1025 2170 1066 2232 10

104 2260 162 2327 Sive
176 2265 383 2330 Menoetiadeu
399 2264 476 2328 salsis
491 2264 631 2327 cecidisse
646 2265 700 2326 sub
715 2264 819 2343 armis3

138 2361 260 2427 Flebam
276 2384 414 2426 successu
431 2384 517 2445 posse
532 2383 632 2425 carere
647 2362 740 2424 dolos.

105 2455 240 2544 Sanguine
255 2461 452 2544 Tlepolemus
467 2459 592 2543 Lyciam
607 2459 788 2544 tepefecerat
802 2460 937 2538 hastam3

137 2556 306 2642 Tlepolemi
320 2558 380 2619 leto
394 2578 465 2620 cura
478 2572 585 2619 novata
599 2579 667 2619 mea
681 2570 736 2620 est.

105 2647 241 2740 Denique,
259 2655 389 2741 quisquis
404 2668 467 2716 erat
480 2655 581 2717 castris
591 2654 741 2738 jugulatus
756 2654 891 2731 Achivis,
1025 2657 1065 2717 15

136 2751 283 2836 Frigidius
298 2753 392 2834 glacie
408 2767 512 2836 pectus
528 2752 651 2814 amantis
666 2766 739 2813 erat.

107 2843 152 2912 Sed
165 2853 243 2914 bene
258 2850 406 2914 consuluit
420 2864 502 2912 casto
517 2850 590 2912 deus
606 2869 705 2931 aequus
720 2846 821 2910 amori.

136 2948 229 3011 Versa
244 2962 291 3010 est
306 2948 335 3010 in
350 2947 479 3009 cinerem
495 2947 604 3029 sospite
619 2943 712 3028 Troja
726 2943 798 3006 viro.

54 3040 56 3081 ¹
108 3040 220 3127 Argolici
236 3045 353 3107 rediere
370 3044 479 3106 duces:
502 3043 603 3105 altaria
618 3041 746 3104 fumant:

134 3141 258 3207 Ponitur
273 3142 309 3204 ad
328 3141 436 3225 patrios
450 3141 572 3203 barbara
587 3141 684 3222 praeda
699 3140 781 3202 deos.
1025 3141 1069 3203 20

105 3233 181 3302 Grata
196 3240 295 3302 serunt
311 3237 462 3322 Nymphae
477 3259 531 3320 pro
546 3237 632 3299 salvis
647 3237 724 3300 dona
737 3237 865 3300 maritis:

134 3336 176 3400 llli
192 3338 273 3400 victa
288 3335 347 3398 suis
361 3335 455 3398 Troia
469 3334 528 3396 lata
542 3347 662 3396 canunt.

104 3427 236 3497 Mirantur
245 3433 379 3518 justique
394 3453 489 3508 senes,
505 3430 685 3516 trepidaeque
701 3431 823 3515 puellae:

134 3531 286 3596 Narrantis
300 3528 412 3614 conjux
426 3527 538 3612 pendet
551 3527 589 3590 ab
602 3549 653 3590 ore
668 3528 731 3590 viri.
