2356 4110
476 300 584 360 LIBER
605 309 676 360 XIV.

140 458 298 522 Proximus
312 459 460 522 Ausonias
475 459 573 544 injusti
586 459 670 521 miles
685 458 788 521 Amuli

104 554 189 619 Rexit
203 578 296 640 opes:
320 555 516 640 Numitorque
532 577 625 618 senex
639 557 745 619 amissa
759 569 901 640 nepotum

101 652 221 716 Munere
237 675 329 735 regna
343 654 438 737 capit:
463 652 602 736 festisque
618 654 761 715 Palilibus
775 654 854 716 urbis
1009 656 1069 716 125

100 750 211 814 Moenia
225 751 402 813 conduntur.
447 749 612 833 Tatiusque
626 763 782 833 patresque
798 749 898 814 Sabini

98 846 182 911 Bella
196 861 320 930 gerunt:
344 847 476 930 arcisque
492 847 540 909 via
553 846 684 929 Tarpeia
699 847 815 909 reclusit

98 944 197 1029 Digna
212 946 340 1007 animam
355 945 447 1028 poent
460 946 606 1027 congestis
622 946 703 1007 exuit
719 945 816 1008 armis.

98 1043 167 1106 Inde
184 1044 239 1105 sati
255 1041 396 1119 Curibus,
411 1043 567 1105 tacitorum
580 1063 662 1104 more
677 1043 824 1124 luporum,

98 1141 156 1203 Ore
172 1154 313 1223 premunt
329 1162 428 1217 voces,
444 1154 474 1201 et
488 1161 611 1222 corpora
625 1139 702 1201 victa
716 1160 821 1220 sopore
1009 1143 1070 1203 130

98 1237 255 1314 Invadunt,
270 1251 427 1321 portasque
442 1250 565 1320 petunt3
588 1258 659 1320 quas
673 1235 768 1320 objice
783 1235 868 1299 finni

100 1334 254 1399 Clauserat
269 1334 386 1397 Iliades.
430 1334 530 1397 Unam
545 1349 643 1397 tamen
658 1334 721 1416 ipsa
736 1333 870 1411 recludit,

99 1431 162 1495 Nec
177 1432 332 1514 strepitum
348 1453 432 1494 verso
447 1432 582 1493 Saturnia
597 1431 714 1493 cardine
732 1431 811 1494 lecit.

99 1529 165 1591 Sola
183 1528 289 1590 Venus
304 1543 393 1612 portae
409 1529 551 1591 cecidisse
567 1528 707 1610 repagula
721 1529 829 1590 sensit:

100 1625 138 1688 Et
151 1627 288 1689 clausura
302 1625 371 1688 suit:
395 1626 449 1688 nisi
465 1626 545 1710 qubd
560 1625 726 1687 rescindere
740 1645 891 1708 nunquam
1009 1629 1070 1690 135

100 1723 154 1786 Dis
169 1724 240 1785 licet
254 1738 320 1786 acta
335 1723 434 1785 derim.
479 1722 557 1785 Jano
571 1723 636 1784 loca
646 1722 749 1806 juncta
763 1722 904 1785 tenebant

99 1819 212 1883 Naides
227 1820 378 1897 Ausonia,
393 1820 491 1902 gelido
505 1819 631 1882 rorantia
645 1818 742 1881 sonte:

100 1916 161 1979 Has
176 1931 259 2000 rogat
273 1918 426 1979 auxilium.
471 1915 538 1979 Nec
554 1917 696 1999 nymphae
708 1915 788 1999 justa
802 1927 954 2012 petentem

99 2015 270 2077 Sustinuere
286 2015 388 2077 deam:
414 2036 561 2099 venasque
576 2029 606 2076 et
621 2014 743 2075 flumina
757 2011 843 2075 fontis

99 2111 237 2174 Elicubre
252 2113 309 2174 sui.
354 2111 496 2175 Nondum
511 2126 610 2175 tamen
625 2112 702 2174 invia
716 2110 785 2173 Janr
1011 2113 1072 2174 140

99 2209 159 2272 Ora
175 2210 302 2292 patentis
317 2224 409 2286 erant,
423 2231 521 2292 neque
538 2211 593 2272 iter
608 2211 796 2292 praecluserat
810 2211 900 2271 unda.

98 2305 210 2368 Lurida
225 2319 396 2389 supponunt
411 2306 550 2369 ineundo
565 2306 673 2369 sulsura
690 2306 773 2383 sonti,

98 2403 324 2487 Incenduntque
340 2424 427 2466 cavas
442 2403 572 2466 fumante
590 2404 729 2466 bitumine
745 2425 843 2466 venas.

99 2500 219 2563 Viribus
234 2502 278 2562 his
294 2501 416 2585 aliisque
434 2523 524 2584 vapor
538 2501 703 2585 penetravit
718 2501 755 2563 ad
770 2501 828 2563 ima

97 2595 223 2660 Fontis:
247 2612 277 2660 et
291 2598 403 2680 Alpino
418 2598 507 2660 modb
523 2621 587 2682 quae
603 2612 714 2661 certare
729 2599 814 2680 rigori
1012 2599 1073 2660 145

98 2695 266 2758 Audebatis
281 2717 374 2779 aquae,
389 2718 449 2758 non
462 2697 566 2758 ceditis
581 2697 695 2778 ignibus
711 2697 791 2779 ipsis.

98 2792 293 2855 Flammifera
308 2793 416 2874 gemini
431 2792 543 2856 sumant
558 2794 733 2877 adspergine
748 2805 866 2875 postes:

97 2891 261 2974 Portaque,
276 2890 472 2974 nequicquam
487 2892 585 2973 rigidis
600 2892 740 2973 permissa
756 2886 880 2964 Sabinis,

97 2988 197 3051 Fonte
213 2986 267 3050 suit
281 3001 452 3070 prestructa
465 3010 561 3065 noro;
584 2988 655 3049 dum
670 2986 795 3049 Martius
811 3007 890 3049 arma

98 3085 239 3148 Indueret
253 3085 348 3148 miles.
393 3083 475 3157 Quae
490 3098 645 3168 postquam
661 3085 808 3147 Romulus
822 3084 899 3148 ultro
1015 3086 1076 3147 150

97 3182 234 3259 Obtulit3
258 3196 288 3245 et
302 3196 392 3244 strata
405 3197 449 3244 est
464 3183 551 3244 tellus
566 3181 704 3244 Romana
719 3183 834 3245 Sabinis

98 3280 293 3363 Corporibus
308 3294 396 3342 strata
410 3293 514 3363 estque
528 3280 605 3356 suis3
628 3281 787 3364 generique
801 3299 937 3342 cruorem

98 3377 249 3460 Sanguine
264 3400 335 3440 cum
350 3376 443 3440 soceri
458 3376 627 3460 permiscuit
641 3377 747 3460 impius
762 3377 855 3439 ensis:

98 3474 181 3539 Pace
196 3489 298 3539 tamen
313 3474 373 3538 sisti
386 3473 510 3551 bellum,
524 3494 581 3536 neo
596 3473 625 3536 in
639 3474 742 3539 ultirna
756 3471 832 3535 ferro
