2356 4110
100 326 163 387 160
497 327 690 378 HEROIDES.
739 340 749 380 t

98 481 183 545 Pone
199 481 282 559 deos,
297 494 328 543 et
342 501 405 564 quae
421 480 570 560 tangendo
583 501 666 542 sacra
680 477 834 562 profanas:

140 578 211 642 Non
225 580 302 641 bene
317 579 454 640 coelestes
469 576 559 660 impia
573 577 679 639 dextra
692 576 775 639 colit,

98 677 131 742 Si
145 692 177 740 tu
192 678 286 739 cultor
300 697 365 739 eras
380 675 488 758 elapsis
501 675 569 757 igne
584 674 717 752 futurus3

140 774 273 838 Poenitet
288 773 404 856 elapsos
418 773 533 854 ignibus
548 793 613 835 esse
628 772 709 834 deos.

98 872 159 935 Sed
170 871 257 957 jubet
271 871 312 933 ire
328 871 412 934 deus.
458 869 578 934 Vellem
594 871 734 933 vetuisset
749 871 851 948 adire;

141 969 256 1033 Punica
270 992 326 1033 nec
339 968 465 1031 Teucris
480 990 581 1052 pressa
595 967 696 1030 suisset
710 969 830 1031 humus.

99 1067 167 1131 Hoc
182 1069 257 1131 duce
276 1067 400 1154 (nempe
415 1064 500 1152 Deo)
518 1067 612 1128 ventis
627 1065 742 1147 agitaris
756 1065 874 1150 iniquis,

142 1166 183 1229 Et
197 1168 265 1229 teris
280 1167 309 1228 in
324 1165 426 1249 rapido
440 1178 573 1247 tempora
587 1164 675 1246 longa
689 1163 774 1226 freto.

97 1262 245 1345 Pergama
260 1263 311 1325 vix
325 1276 406 1324 tanto
421 1261 472 1323 tibi
487 1275 570 1323 erant
583 1262 746 1345 repetenda
758 1262 871 1340 labore,

141 1359 273 1422 Hectore
288 1359 312 1421 si
328 1359 406 1435 viv0,
422 1372 531 1441 quanta
546 1358 639 1436 fuere,
654 1358 761 1422 forent.

99 1455 169 1520 Non
184 1459 309 1540 patrium
325 1456 477 1519 Simo'e'nta
492 1457 587 1539 petis3
609 1458 662 1519 sed
676 1457 815 1520 Tibridas
829 1458 936 1522 undas.

142 1554 272 1637 Nempe,
287 1568 320 1617 ut
336 1555 490 1637 pervenias
505 1553 565 1638 quo
578 1556 674 1638 cupis,
689 1556 799 1638 hospes
813 1556 882 1618 eris.

98 1652 201 1736 thue
215 1652 298 1729 latet,
315 1652 443 1736 vitatque
458 1665 523 1714 tuas
538 1653 670 1714 abstrusa
684 1653 811 1730 carinas,

142 1750 204 1814 Vix
219 1750 271 1813 tibi
284 1751 436 1832 continget
450 1763 527 1814 terra
541 1751 633 1834 petita
647 1751 721 1813 seni.

99 1847 164 1911 Hos
180 1848 276 1931 potius
291 1849 417 1932 populos
432 1847 461 1910 in
477 1848 588 1926 dotem,
603 1849 726 1930 ambage
740 1849 877 1927 remissi,

140 1947 274 2030 Accipe3
297 1961 327 2008 et
342 1946 480 2008 advectas
495 1945 697 2029 Pygmalionis
711 1968 796 2030 opes.

98 2043 171 2106 Ilion
186 2045 216 2105 in
229 2042 353 2128 Tyriam
369 2042 492 2106 transfer
506 2042 618 2105 felicius
633 2044 754 2106 urbem:

141 2140 298 2224 Hancque,
313 2141 411 2202 locum
425 2141 517 2222 regni,
532 2154 707 2224 sceptraque
721 2161 805 2204 sacra
817 2154 899 2204 tene.

99 2237 132 2300 Si
146 2238 198 2299 tibi
214 2259 298 2300 mens
312 2236 398 2299 avida
414 2251 459 2299 est
472 2236 553 2314 belli,
568 2239 592 2300 si
608 2239 710 2322 quaerit
723 2236 807 2300 Ii'rlus

140 2334 230 2399 Unde
245 2358 298 2398 suo
313 2349 413 2418 partus
428 2333 526 2398 Marte
541 2336 707 2419 triumphus
721 2349 770 2398 eat
779 2357 789 2413 3

99 2432 201 2507 Quem
217 2448 346 2517 superet,
361 2455 400 2495 ne
415 2434 485 2518 quid
501 2434 586 2511 desit,
601 2434 793 2517 praebebimus
809 2435 936 2499 hostem.

141 2530 200 2593 Hic
216 2532 295 2614 pacis
310 2533 402 2612 leges,
417 2531 465 2594 hic
480 2532 562 2594 locus
577 2552 658 2594 arma
670 2531 760 2615 capit.

97 2626 147 2690 Tu
163 2627 264 2704 modo,
279 2648 333 2712 per
347 2642 486 2706 matrem,
499 2627 683 2712 fraternaque
698 2630 770 2707 tela,
782 2630 913 2712 sagittas,

140 2724 260 2809 Perque
276 2725 350 2809 suga
365 2727 498 2804 comites,
514 2725 655 2788 Dardana
669 2749 761 2804 sacra,
776 2727 865 2791 deos:

101 2823 166 2909 (Sic
181 2839 331 2908 superent,
347 2847 537 2909 quoscunque
552 2824 604 2887 tui
618 2825 656 2886 de
671 2839 760 2906 gente
774 2838 921 2908 reportas,

140 2921 223 2983 Mars
238 2922 315 2984 ferus
330 2937 361 2985 et
376 2924 489 2987 damnis
504 2925 540 2986 sit
555 2924 659 2986 modus
674 2923 723 2985 ille
738 2924 809 3001 tuis,

98 3018 303 3102 Ascaniusque
318 3041 386 3081 suos
402 3021 525 3083 feliciter
539 3022 661 3104 impleat
672 3042 776 3097 annos,

142 3114 183 3177 Et
198 3115 274 3178 senis
290 3115 430 3179 Anchise
445 3114 571 3179 molliter
585 3141 652 3180 ossa
665 3116 792 3204 cubent)

99 3213 194 3277 Parce
211 3235 314 3297 precor
329 3213 439 3289 domui,
456 3236 520 3297 quae
535 3236 568 3276 se
583 3216 633 3279 tibi
649 3216 734 3278 tradit
749 3216 927 3279 habendam.

143 3312 236 3387 Quod
250 3313 360 3375 crimen
376 3311 457 3388 dicis,
473 3325 578 3396 praeter
596 3315 722 3391 amasse,
738 3316 861 3376 meum?

100 3411 169 3474 Non
184 3434 240 3494 ego
255 3433 320 3473 sum
335 3409 471 3488 Phthias,
486 3411 658 3495 magnisque
672 3414 795 3475 oriunda
808 3411 968 3496 Mycenis·

143 3509 210 3572 Nec
224 3522 366 3572 steterunt
381 3508 410 3572 in
425 3521 454 3571 te
470 3508 572 3592 virque
586 3523 728 3595 paterque
743 3530 839 3574 meus.
