2356 4110
499 333 609 383 LIBER
624 332 670 382 IV.

98 482 164 547 Heu
178 484 245 547 sola
258 497 390 580 potepas,
403 483 513 577 potepis
526 504 584 547 nee
596 496 691 544 morte
705 481 818 563 repelli
824 494 841 523 '

100 581 163 645 Hoc
177 550 289 671 taiqen,
295 583 448 693 amboqum
463 550 559 644 ierbis
571 595 665 643 estote
680 581 783 663 rqgati,

103 679 126 740 0
140 680 266 742 multum
280 679 391 756 miseri,
406 701 489 741 meus
508 647 651 761 illiusque,
668 692 815 788 permutes,

104 775 150 854 Ut,
165 798 240 860 quos
253 792 352 839 certus
367 798 458 853 amor,
474 798 547 860 quos
562 776 634 837 hora
647 776 804 838 novissima
814 774 924 859 junxit,

106 873 248 958 Componi
262 875 377 938 tumulo
391 896 449 936 non
464 873 619 936 invideatis
634 873 751 935 eodem.

107 972 142 1034 tt
154 986 197 1049 tu,
213 994 278 1056 que
293 973 381 1035 ramis
395 973 481 1035 arbor
494 970 658 1034 miserabile
673 991 780 1052 corpus

108 1067 187 1132 Nunc
202 1070 277 1150 tegis
291 1070 388 1146 unius,
402 1091 474 1132 mox
488 1090 521 1131 es
536 1082 649 1131 tectura
664 1068 807 1142 duorum3

111 1165 189 1248 Signa
203 1181 272 1229 tene
287 1167 390 1231 cedis:
414 1167 580 1251 pullosque,
595 1179 625 1228 et
639 1165 765 1227 luctibus
780 1177 865 1247 aptos

113 1262 226 1347 Semper
239 1265 317 1327 habe
332 1264 431 1343 loetus,
446 1263 555 1346 gemini
571 1277 763 1325 monumenta
777 1262 909 1326 cruoris!

114 1358 203 1423 Dixit:
226 1375 256 1424 et
272 1376 372 1444 aptato
386 1377 491 1446 peetus
506 1382 646 1423 mucrone
661 1361 715 1422 sub
730 1361 822 1423 imum

115 1454 236 1521 Incubuit
250 1458 346 1536 serr03
369 1459 448 1544 quod
463 1460 560 1521 adhuc
576 1458 687 1521 acaede
702 1459 833 1541 tepebat.

150 1555 223 1618 Vota
238 1571 338 1621 tamen
352 1557 476 1639 tetigere
492 1557 574 1632 deoS,
589 1556 712 1637 tetigdre
728 1570 879 1638 parentes:

118 1648 181 1715 Nam
194 1655 274 1718 color
288 1655 317 1718 in
332 1675 422 1738 pomo
437 1668 493 1731 est,
509 1654 557 1716 ubi
573 1653 776 1737 permaturuit,
792 1667 870 1717 ater:

120 1746 252 1836 Quodque
266 1753 344 1835 rogis
358 1767 503 1835 superest,
518 1751 578 1814 und
592 1751 749 1836 requiescit
763 1752 792 1815 in
808 1751 891 1814 umh.

263 2006 321 2047 nto
342 2006 384 2047 ΕΤ
406 2006 593 2047 trementem
615 2004 650 2045 IN
671 2003 754 2044 DEOS
776 2000 909 2042 nuum.

527 2189 558 2228 v.
574 2169 647 2229 416.

115 2335 183 2401 Tum
196 2339 269 2402 verb
284 2338 351 2402 totis
364 2337 479 2405 Bacchi
494 2337 683 2400 memorabile
697 2335 811 2398 Thebis

112 2433 221 2501 Numen
237 2451 300 2500 erat
309 2458 318 2514 ;
340 2458 518 2520 magnasque
533 2435 602 2497 novi
617 2447 772 2497 matertera
786 2433 863 2496 vires

110 2531 208 2599 Narrat
222 2536 332 2620 ubique
348 2535 412 2597 dei:
436 2535 473 2596 de
487 2548 590 2617 totque
605 2533 749 2595 sororibus
764 2552 873 2615 expers

109 2629 172 2695 Una
186 2633 292 2695 doloris
307 2645 380 2709 erat,
394 2632 448 2695 nisi
464 2653 553 2715 quem
568 2630 666 2693 secere
681 2650 804 2692 sorores.

146 2731 282 2813 Adspicit
297 2731 374 2793 hanc
389 2731 474 2806 natis,
488 2729 676 2812 thalamoque
692 2726 880 2789 Athamantis
894 2725 1054 2786 habentem

106 2828 250 2891 Sublirnes
264 2828 386 2906 animos,
401 2841 431 2891 et
446 2828 565 2890 alumno
579 2825 712 2900 numine,
727 2823 745 2884 J
749 2843 825 2897 uno;
1014 2823 1071 2882 101

104 2926 169 2990 Nec
183 2928 266 2990 tulit:
290 2941 321 2990 et
335 2949 447 3003 secum,
462 2925 583 2988 ‘Potuit
597 2924 635 2985 de
650 2922 755 3005 pellice
771 2932 855 2982 natus

105 3024 229 3089 Vertere
244 3023 398 3103 Maeonios,
413 3025 577 3108 pelagoque
592 3023 777 3101 immergere,
792 3030 905 3097 nautes,

103 3123 143 3186 Et
158 3123 315 3186 laceranda
329 3144 387 3185 suae
403 3122 463 3185 nati
478 3122 548 3183 dare
563 3121 675 3182 viscera
689 3117 784 3194 matri,

101 3223 142 3284 Et
157 3222 288 3305 triplices
303 3221 417 3304 operire
432 3219 515 3282 novis
530 3217 701 3300 Minyeidas
716 3216 785 3278 alis:

101 3320 153 3383 Nil
168 3320 278 3404 poterit
291 3318 382 3396 Juno,
397 3320 451 3383 nisi
466 3317 573 3380 inultos
588 3317 659 3378 flere
675 3315 810 3377 dolores?

99 3419 196 3503 quue
212 3418 284 3483 mihi
300 3418 369 3483 satis
385 3419 450 3479 est?
472 3416 534 3478 haeo
549 3436 609 3476 una
624 3413 754 3497 potentia
768 3425 866 3474 nostra
885 3409 950 3470 est?

99 3517 171 3601 Ipse
187 3517 278 3579 docet
293 3517 363 3600 quid
378 3536 483 3597 agam3
507 3511 564 3597 (fas
580 3526 625 3575 est
639 3527 669 3574 et
684 3512 721 3573 ab
736 3511 819 3571 hoste
835 3502 948 3589 doceri)
