2356 4110
469 109 577 160 arnan
590 109 647 186 xi.

72 257 283 346 lmumeraeque
298 260 412 323 herbe:
437 280 560 344 quarum
575 259 613 322 de
629 259 706 322 lacte
720 280 857 344 soporem

9 366 11 379 '
68 356 128 424 Nox
142 359 226 441 legit,
242 372 273 422 et
287 358 396 441 spargit
410 378 465 440 per
478 378 587 440 opacas
601 357 722 420 humida
736 370 837 420 terras.

65 456 164 535 lanua,
180 478 246 541 quae
262 477 348 518 verso
363 455 517 516 stridorem
532 453 650 516 cardine
665 454 779 531 reddat,
972 455 1035 518 245

64 552 148 618 Nulla
162 555 253 616 domo
267 552 348 629 toti3
370 567 468 614 custos
483 552 512 613 in
526 551 626 613 limine
641 550 749 612 nullus

62 653 99 715 At
113 652 215 715 medio
229 664 309 714 torus
326 663 381 726 est,
397 650 493 711 ebeno
508 649 638 710 sublimis
652 648 682 711 in
698 647 770 725 atri,

61 747 213 824 Plumeus,
228 749 371 823 unicolor,
387 747 468 829 pullo
483 746 628 807 velamine
644 759 756 807 tectus:

61 846 129 920 Quo
143 845 236 909 cubat
250 845 314 927 ipse
330 844 414 919 deus,
429 843 567 905 membris
581 842 722 924 languore
737 843 849 906 solutis.

60 941 147 1006 Hunc
161 943 242 1005 circa
257 941 376 1025 passim,
392 941 485 1003 varias
500 940 644 1002 imitantia
658 939 775 1018 formas,
972 943 1037 1005 250

60 1040 181 1103 Somnia
195 1061 271 1102 vana
281 1038 382 1123 jacent
397 1037 531 1114 totidem,
547 1051 618 1121 quot
633 1039 736 1101 messis
752 1040 864 1117 aristas,

60 1138 138 1200 Silva
153 1138 231 1219 gerit
245 1135 374 1211 frondes,
390 1135 500 1220 ejectas
514 1135 596 1197 littus
611 1157 723 1197 arenas.

98 1234 175 1308 Qud
190 1235 276 1296 simul
292 1233 419 1309 intravit,
434 1232 627 1315 manibusque
642 1233 787 1296 obstantia
801 1235 883 1317 virgo

61 1331 182 1394 Somnia
196 1330 334 1393 dimovit:
352 1330 448 1392 'vestis
463 1329 575 1411 fulgore
586 1329 695 1392 reluxit

61 1429 148 1492 Sacra
163 1428 287 1490 domus:
310 1426 453 1511 tardique
469 1426 542 1488 deus
557 1428 699 1509 gravitate
710 1427 844 1512 jacentes
973 1431 1037 1491 255

62 1524 121 1587 Vix
136 1526 240 1588 oculos
254 1525 377 1600 tollens3
399 1525 564 1607 iterumque
579 1525 743 1609 iterumque
759 1526 903 1602 relabens,

62 1622 244 1705 Summaque
258 1621 427 1704 percutiens
441 1622 555 1683 nutanti
570 1634 690 1704 pectora
704 1636 815 1697 mento,

63 1719 202 1782 Excussit
216 1719 336 1781 tandem
351 1718 405 1781 sibi
419 1739 469 1780 se:
492 1718 650 1801 cubitoque
664 1719 789 1795 levatus,

62 1815 143 1889 Quid
159 1816 259 1878 veniat
277 1813 433 1901 (cogndrat
447 1813 541 1899 enim)
559 1816 689 1877 scitatur.
734 1816 777 1878 At
793 1816 857 1879 illa:

64 1914 203 1990 ‘Somne‚
219 1914 302 1997 quies
316 1934 425 1990 rerum,
440 1913 637 1996 placidissime
652 1913 764 1976 Somne
779 1914 912 1992 deorum,
975 1916 1039 1979 260

64 2009 127 2072 Pax
143 2011 244 2087 animi,
259 2032 349 2094 quem
363 2031 434 2072 cura
448 2009 539 2092 lugit3
562 2012 612 2094 qui
627 2012 717 2074 corda
731 2011 839 2075 diurnis

64 2106 156 2170 Fessa
169 2108 335 2170 nrinisteriis
351 2109 473 2184 mulces,
489 2129 665 2191 reparasque
680 2108 789 2185 labori3

64 2205 194 2282 Somnia,
210 2226 274 2288 quae
290 2225 373 2267 veras
387 2219 505 2288 aequent
518 2205 678 2267 imitamine
694 2204 810 2283 formas,

63 2301 214 2365 Herculea
228 2302 378 2364 Trachine
389 2302 472 2386 jube,
487 2303 541 2364 sub
557 2303 683 2385 imagine
698 2304 785 2386 regis,

63 2398 241 2483 Halcyonen
256 2399 374 2475 adeant,
389 2400 603 2483 simulacraque
617 2400 757 2483 naufraga
770 2403 891 2484 fingant.
975 2403 1039 2465 265

64 2496 193 2580 Imperat
208 2498 265 2559 hoc
280 2496 382 2558 Jun0.'
428 2496 590 2580 Postquam
605 2499 743 2560 mandata
758 2500 872 2582 peregit

64 2593 125 2671 Iris,
140 2595 218 2656 abit:
242 2615 340 2677 neque
355 2594 434 2656 enim
449 2595 569 2656 ulterius
584 2596 707 2657 tolerare
724 2595 839 2678 vaporis

65 2689 134 2754 Vim
150 2704 276 2774 poterat.
321 2691 457 2775 Labique
471 2705 505 2754 ut
518 2714 653 2754 somnum
668 2692 757 2755 sensit
771 2692 802 2754 in
817 2706 905 2772 anus,

11 2856 13 2865 ,
64 2787 194 2870 Effugit3
216 2801 248 2849 et
261 2801 374 2850 remeat
389 2809 442 2871 per
456 2810 530 2872 quos
544 2788 633 2851 modd
649 2803 768 2853 venerat
783 2812 877 2856 arcus.

105 2887 148 2948 At
162 2900 248 2970 pater
263 2906 280 2946 e
294 2886 407 2969 populo
421 2900 556 2948 natorum
571 2886 652 2949 mille
667 2909 786 2952 suorum
975 2894 1040 2954 270

66 2981 184 3045 Excitat
199 2982 353 3060 artificem,
367 2983 626 3068 simulatoremque
641 2985 749 3066 figura,

66 3077 221 3162 Morphea.
269 3079 340 3144 Non
355 3081 404 3143 illo
415 3081 512 3165 jussos
527 3081 661 3144 solertius
676 3084 750 3146 alter

67 3175 212 3260 Exprimit
227 3179 371 3255 incessus,
388 3180 560 3262 vultumque
574 3201 739 3265 sonumque
754 3181 904 3264 loquendi.

67 3274 172 3358 Adjicit
188 3290 218 3340 et
235 3289 344 3352 vestes,
360 3288 390 3338 et
404 3277 628 3339 consuetissima
640 3278 748 3360 cuique

367 3379 405 3436 10
