2356 4110
149 105 192 165 42
462 111 810 163 muramonrrrosson

426 215 434 243 .
597 220 605 243 ,
693 218 699 231 .
839 222 845 237 ,
924 224 928 235 .

149 259 256 344 Inque
259 262 339 325 aditu
342 263 473 356 obsisto
517 263 616 351 quit
617 265 835 345 audacissimus
842 266 937 338 omui

149 357 200 420 De
214 330 338 421 numeio
352 358 507 459 Lycabas:
531 382 598 463 qur
572 329 719 424 Thusda
725 362 835 453 pulsus
849 363 886 423 ab
897 363 975 435 urbe

150 426 309 559 Exsilium,
325 457 389 518 dira
403 479 524 569 poenam
539 480 605 551 pro
591 439 698 536 cade,
714 461 823 542 lqebat.

136 551 179 614 -ls
193 520 361 634 milii‚,duni
375 532 464 637 resto,
475 555 611 649 juvenili
614 570 732 666 gqttura
739 577 846 646 pugno
1062 563 1125 622 210

103 649 263 734 &Rupitt
287 665 317 714 et
331 672 488 714 excussum
502 654 627 716 misisset
641 654 671 715 in
678 674 829 754 equora,
827 654 851 714 si
864 677 923 716 non
1161 654 1164 660 ’

120 732 127 804 l
150 747 320 826 Haesissem,
335 750 467 833 quamvis
483 772 594 827 amens,
610 751 638 812 in
653 750 723 813 sune
738 764 879 812 retentus.

192 845 289 930 Impia
302 846 387 908 turba
401 849 525 930 probant
539 846 660 909 sactum.
704 847 785 909 Tum
802 849 928 931 denique
943 848 1096 928 Bacchus,

153 943 307 1030 (Bacchus
323 944 401 1005 enim
416 942 524 1030 fiterat)
542 945 633 1006 veluti
647 945 775 1007 clamore
791 946 902 1007 solutus

151 1041 196 1102 Sit
210 1062 308 1123 sopor,
323 1061 398 1122 aque
413 1062 496 1102 mero
510 1041 632 1102 redeant
646 1042 675 1103 in
690 1056 811 1125 pectora
825 1064 938 1119 sensus,
1063 1047 1126 1106 215

152 1135 265 1209 “Quid
281 1137 395 1199 facitis?
419 1137 482 1219 quis
496 1138 649 1199 clamor?''
672 1139 730 1214 ait;
754 1146 773 1175 “
784 1139 852 1222 quai,
868 1140 967 1218 dicite,
983 1156 1090 1210 nautae,

152 1232 222 1295 Huc
237 1255 294 1316 ope
309 1235 452 1318 perveni?
475 1234 534 1317 qud
548 1255 596 1296 me
612 1233 725 1297 deferre
740 1235 848 1318 paratis
858 1236 891 1297 ?''

153 1331 266 1393 “Pone
281 1331 426 1408 metum‚''
443 1331 581 1409 Proreus,
597 1340 657 1394 “et
673 1354 746 1416 quos
760 1335 931 1414 contingere
946 1348 1049 1416 portus

153 1426 220 1490 Ede
235 1428 338 1505 velis,''
354 1427 438 1505 dixit,
452 1429 563 1493 aeterra
576 1430 677 1491 sistere
692 1429 818 1513 petita.'’

154 1532 173 1561 “
183 1524 325 1603 Naxon,''
341 1527 381 1588 ait
395 1525 497 1603 Liber,
513 1533 532 1562 “
541 1549 642 1588 cursus
658 1527 800 1589 advertite
816 1540 939 1588 vestros.
1064 1533 1129 1592 220

153 1622 207 1685 Illa
222 1624 294 1686 mihi
309 1624 413 1687 domus
428 1637 490 1686 est:
514 1625 596 1686 vobis
611 1625 665 1686 erit
680 1624 796 1707 hospita
810 1624 929 1685 tellus'’

153 1720 214 1783 Per
227 1744 307 1784 mare
322 1721 451 1799 fallaces,
467 1744 579 1806 perque
594 1723 692 1784 omnia
707 1722 827 1784 numina
837 1721 938 1805 jurant

154 1819 203 1881 Sic
219 1818 297 1882 sore:
321 1843 428 1903 meque
439 1820 546 1904 jubent
560 1821 643 1903 pictae
660 1820 729 1880 dare
746 1820 812 1881 vela
825 1819 950 1881 carinae„

154 1915 290 1977 Dextera
304 1915 408 1978 Naxos
423 1931 495 1978 erat.
540 1916 659 1978 Dextra
671 1916 742 1983 mihi
757 1917 847 1978 lintea
863 1917 919 1978 dan
945 1950 954 1992 ς
1065 1920 1130 1980 224

154 2011 268 2085 “Quid
282 2012 363 2090 facis,
379 2035 398 2074 o
412 2013 555 2076 demensi
578 2014 642 2098 quis
656 2027 686 2075 te
709 2012 817 2091 suror,'’
834 2015 937 2097 inquit,
954 2020 973 2050 “
983 2013 1128 2091 Acoete,''

153 2109 214 2172 Pro
228 2132 260 2172 se
276 2111 409 2195 quisque,
426 2119 445 2148 “
455 2115 557 2175 tenet?
579 2113 683 2174 levam
697 2111 800 2194 pete.''
845 2110 981 2174 Maxima
994 2125 1069 2173 nutu

153 2208 227 2270 Pars
242 2209 314 2271 mihi
327 2210 485 2290 significan
508 2232 584 2292 pars,
601 2211 670 2293 quid
686 2210 767 2286 velit,
782 2230 852 2271 aure
866 2222 1005 2271 susurrat.

154 2305 320 2390 Obstupui:
345 2314 364 2342 “
375 2305 542 2390 Capiatque
557 2308 630 2369 alius
645 2307 876 2383 moderamina‚''
893 2306 972 2368 dixi:

154 2401 268 2487 Meque
282 2403 442 2466 ministerio
456 2405 632 2488 scelerisque
649 2405 774 2488 artisque
790 2405 913 2466 removi.

154 2501 294 2584 Increpor
308 2522 326 2564 a
339 2503 463 2580 cunctis,
476 2516 629 2586 totumque
644 2503 845 2564 immurmurat
860 2523 977 2583 agmen.
1065 2506 1129 2566 230

155 2599 184 2661 Ε
200 2600 303 2683 quibus
318 2599 481 2678 AEthalion,
497 2599 575 2662 “Te
589 2600 701 2662 sedicet
715 2600 809 2660 omnis
824 2599 854 2660 in
869 2621 928 2660 uno

155 2695 263 2758 Nostra
277 2699 355 2760 salus
370 2700 465 2782 posita
479 2712 524 2762 est
532 2699 565 2761 i''
589 2698 639 2761 ait.
684 2696 726 2758 Et
740 2697 817 2758 subit
831 2696 912 2780 ipse:
934 2716 1095 2780 meumque

155 2792 269 2875 Explet
283 2815 374 2875 opus:
398 2795 547 2879 Naxoque
562 2796 636 2878 petit
651 2795 766 2856 diversa
779 2793 893 2855 relictda

197 2889 279 2953 Tum
295 2890 367 2953 deus
382 2892 518 2968 illudens,
533 2907 673 2975 tanquam
688 2891 920 2974 modddenique
935 2890 1081 2953 fraudem.

155 2989 296 3065 Senserit,
312 3010 328 3049 e
344 2989 437 3071 puppi
452 3002 574 3072 pontum
591 3002 759 3072 prospectat
774 2987 899 3050 adunci.
1031 3060 1034 3066 ¹
1066 2989 1131 3051 235

155 3085 197 3149 Et
212 3086 294 3149 flenti
309 3086 418 3162 similis,
434 3093 453 3122 “
463 3085 533 3148 Non
548 3086 610 3148 haec
624 3087 816 3163 mihilittora,
831 3098 937 3162 nautae,

155 3183 364 3262 Promisistis‚''
380 3183 435 3246 ait:
460 3190 479 3222 “
489 3204 547 3244 non
563 3183 625 3244 baec
639 3184 712 3245 mihi
726 3196 802 3245 terra
816 3195 919 3263 rogata
932 3195 989 3245 est.

157 3279 230 3353 Quo
244 3282 337 3344 merui
352 3303 471 3366 poenam
485 3280 583 3344 facto?
607 3301 670 3364 quae
685 3281 776 3362 gloria
789 3293 886 3342 vestra
900 3293 964 3357 est3
