2356 4110
496 310 690 361 Eunomus.

443 556 662 621 EPISTOLA
691 556 736 621 X.

436 729 579 770 amanum
601 729 740 770 mesco.

100 855 224 919 Minus
239 855 348 931 inveni,
364 855 453 938 quam
467 868 509 931 te,
524 875 616 936 genus
630 875 718 916 omne
733 854 880 919 serarum:

142 953 265 1017 Credita
279 974 338 1015 non
352 953 416 1030 ulli,
430 942 519 1036 quam
533 952 597 1029 tibi,
612 952 697 1037 pejus
712 975 804 1015 eram.

99 1050 178 1125 Quae
192 1052 276 1134 legis,
292 1072 332 1114 ex
346 1051 407 1127 illo,
421 1049 559 1127 Theseu,
572 1051 623 1112 tibi
637 1050 733 1112 littore
747 1052 846 1128 mitto,

142 1149 233 1213 Unde
248 1164 329 1212 tuam
344 1148 407 1210 sine
422 1169 471 1209 me
486 1148 553 1210 vela
567 1148 660 1210 tulere
676 1163 782 1210 ratem.

99 1245 135 1308 In
151 1269 211 1331 quo
226 1268 274 1308 me
290 1266 468 1327 somnusque
483 1266 567 1307 meus
582 1246 660 1307 male
676 1246 813 1328 prodidit,
827 1259 859 1310 et
873 1261 919 1324 tu,
1052 1249 1069 1311 5

142 1343 203 1405 Per
217 1343 328 1405 facinus
341 1342 451 1404 somnis
465 1342 599 1404 insidiate
613 1344 698 1405 meis.

99 1439 235 1524 Tempus
250 1454 325 1516 erat,
341 1438 434 1501 vitred
449 1461 508 1522 quo
523 1440 651 1523 primirm
665 1456 742 1503 terra
757 1442 865 1525 pruina

141 1537 304 1620 Spargitur,
320 1551 350 1599 et
364 1550 450 1600 tecte
465 1536 568 1600 fronde
583 1552 745 1621 queruntur
759 1560 840 1602 aves.

98 1635 247 1699 Incertum
263 1635 395 1717 vigilans,
410 1657 428 1698 a
442 1657 546 1698 somno
559 1635 706 1717 languida,
722 1637 801 1699 movi

140 1732 263 1796 Thesea
278 1754 429 1817 pressuras
443 1733 623 1816 semisupina
637 1755 752 1796 manus.
1038 1741 1072 1799 ll)

99 1831 206 1893 Nullus
222 1846 299 1894 erat:
324 1831 477 1915 referoque
493 1852 607 1908 manus,
623 1831 789 1915 iterumque
803 1845 932 1911 retento,

141 1928 259 2013 Perque
274 1943 369 1992 torum
384 1950 492 1991 moveo
505 1929 645 1991 brachia:
667 1930 765 1991 nullus
775 1944 852 1992 erat.

99 2025 267 2088 Excussere
282 2041 379 2088 metus
393 2048 541 2088 somnum.
586 2024 755 2089 conterrita
768 2049 873 2110 surgo:

141 2121 336 2206 Membraque
352 2135 420 2185 sunt
435 2122 525 2185 viduo
541 2124 719 2207 precipitata
733 2139 808 2187 tom.

98 2218 236 2282 Protinus
252 2219 385 2282 adductis
400 2224 559 2282 sonuerunt
574 2235 695 2303 pectora
709 2223 832 2305 palmis:
1036 2227 1074 2288 ts

141 2315 243 2401 thue
259 2331 321 2380 erat
336 2339 353 2378 a
368 2339 472 2380 somno
486 2317 612 2394 turbida,
626 2332 710 2401 rapta
724 2340 810 2381 coma
825 2333 881 2382 est.

98 2414 186 2477 Luna
200 2414 270 2478 luit:
293 2428 408 2498 specto,
422 2415 447 2477 si
462 2415 542 2498 quid,
557 2415 612 2477 nisi
626 2416 732 2494 littora,
746 2438 877 2480 cernam.

140 2509 234 2584 Quod
251 2512 368 2574 videant
382 2512 471 2588 oculi,
486 2512 536 2588 nil,
552 2513 606 2575 nisi
621 2513 712 2590 littus,
728 2514 847 2577 habent.

98 2607 187 2670 Nunc
204 2608 272 2684 huc,
288 2630 367 2670 nunc
381 2608 460 2683 illuc,
475 2623 508 2670 et
522 2623 658 2693 utroque,
674 2613 737 2674 sine
751 2613 864 2690 ordine,
879 2634 982 2676 curro:

140 2706 212 2768 Alta
227 2705 371 2789 puellares
386 2705 480 2768 tardat
495 2727 583 2768 arena
597 2709 701 2790 pedes.
1032 2716 1076 2779 20

97 2803 214 2867 Interea
230 2817 292 2866 toto
306 2804 444 2866 clamanti
458 2804 565 2881 littore,
581 2804 745 2882 ‘Theseu,'

140 2902 319 2965 Reddebant
334 2925 442 2965 nomen
456 2924 587 2966 concava
602 2925 674 2965 saxa
689 2918 791 2967 tuum:

97 2998 140 3061 Et
152 2999 264 3081 quoties
280 3019 336 3079 ego
351 3013 391 3075 te,
403 3001 489 3062 toties
504 3002 587 3064 locus
601 3001 664 3084 ipse
681 3003 814 3065 vocabat.

139 3095 208 3180 Ipse
223 3096 306 3156 locus
321 3096 432 3158 misere
448 3096 522 3159 serre
537 3099 656 3161 volebat
672 3121 771 3181 opem.

97 3193 188 3259 Mons
203 3192 274 3269 fuit;
296 3206 440 3274 apparent
455 3193 573 3258 frutices
587 3197 617 3257 *n
634 3199 744 3260 vertice
759 3199 832 3261 raris
1035 3210 1081 3272 25

141 3293 221 3357 Hinc
235 3290 373 3374 scopulus
388 3291 482 3352 raucis
496 3294 607 3374 pendet
622 3295 727 3358 adesus
742 3297 838 3381 aquis.

98 3391 259 3454 Adscendo
276 3388 367 3475 (vires
382 3387 496 3451 animus
511 3388 626 3476 dabat),
641 3407 730 3476 atque
745 3395 784 3457 itu
798 3395 858 3460 late

141 3487 274 3573 AEquora
288 3503 446 3571 pmspectu
461 3486 567 3550 metior
580 3489 638 3552 alta
652 3513 731 3554 meo.
