2356 4110
413 291 758 345 METAMORPHOSEON

482 575 621 640 LIBER
647 575 688 637 V.

269 795 412 837 PHINEUS
434 796 476 838 ET
499 794 584 835 §0011
607 793 642 834 IN
666 793 745 834 SAXA
769 793 902 834 MUTATI-

549 978 578 1017 v.
597 961 625 1017 l.

99 1125 242 1212 Dumque
257 1147 293 1189 ea
308 1126 488 1210 Cephenum
503 1125 602 1188 medio
616 1124 770 1187 Danaeius
785 1125 872 1188 hams

98 1223 229 1306 Agmine
243 1237 473 1300 commemorat3
495 1222 611 1285 sremitu
626 1223 735 1304 regalia
749 1223 840 1287 turbae

99 1322 184 1383 Atria
198 1322 401 1404 complentur:
424 1342 481 1383 neo
494 1319 669 1404 conjugialia
683 1320 758 1382 festa

101 1416 164 1490 Qui
179 1432 276 1496 canat,
292 1431 336 1480 est
350 1419 477 1494 clamor3
500 1419 552 1493 sed
568 1419 617 1502 qui
633 1417 694 1480 fera
709 1418 829 1481 nunciet
843 1438 934 1484 arma.

98 1513 377 1601 lnquerepentinos
392 1516 528 1579 convivia
543 1537 627 1578 versa
640 1517 783 1579 tumultus
1055 1519 1076 1581 ὅ

99 1600 286 1676 Adsirriulare
302 1614 376 1678 sreto
391 1616 501 1698 possis:
526 1615 604 1698 quod
619 1637 696 1679 saeva
712 1615 845 1697 quietum

100 1709 266 1774 Ventorum
280 1713 374 1775 rabies
389 1712 475 1775 motis
491 1726 647 1794 exasperat
662 1712 757 1777 undis.

104 1856 107 1861 2
141 1809 259 1895 Primus
274 1810 303 1872 in
318 1810 363 1872 his
377 1809 521 1887 Phineus,
535 1810 604 1874 belli
619 1811 790 1873 temerarius
804 1821 918 1888 auctor,

100 1904 280 1971 Fraxineam
295 1909 428 1991 quatiens
443 1921 535 1972 arata
548 1909 678 1991 cuspidis
693 1909 826 1984 hastam3

100 2002 189 2081 ‘Em'
206 2006 256 2082 ait,
272 2012 328 2067 ‘en
343 2006 446 2068 adsum
461 2018 610 2089 praerepta
624 2004 757 2089 conjugis
771 2005 859 2068 ultor.
1034 2008 1075 2069 10

99 2097 166 2162 Nec
181 2102 251 2163 mihi
267 2115 297 2162 te
312 2123 427 2184 peunae,
442 2123 499 2165 nec
513 2101 618 2165 salsum
635 2122 734 2163 versus
749 2101 779 2163 in
794 2121 898 2165 aurum

98 2194 225 2278 Jupiter,
241 2198 386 2280 eripient!
431 2196 562 2261 Conanti
576 2198 692 2261 mittere
707 2196 863 2281 Cepheus,

99 2291 202 2365 ‘Quid
216 2294 285 2357 sacis
295 2294 325 2356 i'
349 2295 512 2359 exclamat:
537 2303 619 2378 ‘quae
634 2307 675 2371 te,
690 2315 840 2377 gennano,
855 2292 1002 2358 furentem

98 2387 187 2453 Mens
202 2392 261 2473 agit
275 2391 304 2453 in
319 2390 452 2456 facinus?
496 2391 650 2456 Meritisne
665 2393 728 2456 haec
742 2392 835 2482 gratia
848 2391 937 2457 tantis

98 2486 266 2551 Redditur?
289 2489 346 2551 hac
361 2491 451 2552 vitam
466 2505 586 2554 servata
602 2491 670 2553 dote
685 2489 845 2574 rependis?
1033 2494 1074 2556 15

98 2583 200 2656 Quam
216 2587 267 2648 tibi
281 2608 340 2648 non
355 2586 494 2665 Perseus,
509 2610 612 2651 verum
633 2589 658 2651 si
673 2588 785 2672 quatio,
801 2588 923 2666 ademit,
960 2651 962 2655 .

98 2681 159 2743 Sed
173 2705 263 2766 grave
279 2681 444 2749 Nereidum
458 2707 579 2763 numen,
595 2686 647 2748 sed
662 2686 797 2768 corniger
811 2686 955 2764 Ammon,

99 2779 159 2841 Sed
175 2803 239 2865 quae
255 2782 413 2845 visceribus
428 2784 565 2847 veniebat
579 2784 677 2846 bellua
692 2796 784 2866 ponto

97 2875 304 2942 Exsaturanda
317 2882 401 2944 mela.
447 2881 502 2945 Illo
516 2882 567 2945 tibi
581 2896 714 2965 tempore
729 2896 813 2965 rapta
827 2895 883 2960 est,

97 2972 170 3045 Quo
186 2978 313 3057 peritura
327 2977 390 3041 suit.
437 2980 501 3043 Nisi
516 2981 550 3057 si,
565 2980 702 3056 crudelis,
718 2979 747 3041 id
763 2980 860 3062 ipsum
1032 2986 1075 3047 20

98 3070 212 3152 Exigis,
227 3086 260 3133 ut
274 3088 393 3155 pereat:
416 3077 557 3159 luctuque
571 3079 709 3140 levabere
724 3091 833 3140 nostro.

98 3168 216 3232 Scilicet
231 3169 310 3230 haud
325 3171 393 3232 satis
408 3185 462 3248 est,
479 3173 567 3255 qudd,
583 3188 612 3236 te
628 3188 791 3259 spectante,
806 3176 939 3240 revincta
952 3189 1016 3255 est3

97 3267 139 3329 Et
152 3267 261 3329 nullam
279 3267 359 3351 quod
373 3289 461 3350 opem
475 3283 596 3352 patruus
610 3294 773 3356 sponsusve
788 3273 899 3336 tulisti:

97 3362 231 3448 Insuper,
246 3386 264 3426 a
279 3385 427 3450 quoquam
441 3366 521 3449 quod
536 3369 572 3431 sit
587 3383 712 3448 servata,
727 3370 858 3447 dolebis3
