2356 4110
117 319 140 375 ὅ
433 315 781 367 METAMORPHOSEON

118 472 267 535 Struxerit
282 470 409 546 insidias,
426 483 513 531 notus
528 468 652 543 feritate,
668 465 794 548 Lycaon
804 464 826 525 ?'

161 568 377 633 Confremuere
393 589 512 629 omnes:
536 565 697 648 studiisque
713 563 882 625 ardentibus
897 583 1002 626 ausum

117 667 205 730 Talia
220 668 393 749 deposcunt.
439 665 499 742 Sic,
515 666 584 727 cum
599 684 703 726 manus
718 662 810 746 impia
824 662 906 725 sevit
1035 666 1100 727 200

118 765 267 847 Sanguine
283 764 422 828 Caesareo
438 763 609 825 Romanum
624 763 799 844 extinguere
815 782 935 838 nornen,

107 863 286 927 'Attonitum
301 876 389 924 tantae
403 863 500 925 subito
514 876 624 924 terrore
639 862 729 923 ruinas

117 961 292 1025 Humanum
307 983 400 1043 genus
416 976 478 1039 est;
500 975 638 1045 totusque
654 960 818 1044 perhorruit
837 959 954 1039 orbis.

117 1060 185 1124 Nec
200 1061 252 1123 tibi
267 1073 348 1142 grata
360 1060 456 1122 minirs
471 1060 576 1143 pietas,
591 1059 740 1140 Auguste,
755 1071 883 1135 tuorum,
968 1047 978 1141 s

117 1158 221 1233 Quem
236 1159 290 1221 fuit
305 1160 356 1221 illa
369 1158 449 1220 Jovi.
495 1157 559 1231 Qui
575 1171 733 1241 postquam
748 1177 823 1219 voce
840 1177 990 1241 manuque
1034 1159 1099 1220 205

117 1254 273 1320 Murmura
286 1257 478 1339 compressit3
502 1257 626 1317 tenuere
641 1255 756 1316 silentia
771 1255 915 1357 οιιῐιεῑὶΥ

117 1355 253 1418 Substitit
268 1370 301 1418 ut
315 1356 437 1431 clamor,
452 1375 570 1438 pressus
585 1354 727 1436 gravitate
742 1328 907 1436 regentis3

116 1453 234 1537 Jupiter
249 1453 328 1516 hoe
320 1466 426 1516 iterum
441 1474 576 1516 sermone
591 1453 705 1515 silentia
719 1453 845 1536 rumpit:

117 1551 190 1614 ‘Ille
207 1551 327 1635 quidem
341 1572 446 1635 poenas
465 1549 580 1638 (curam
596 1553 673 1614 hanc
688 1550 841 1637 dimittite)
859 1551 967 1628 solvit3

117 1648 211 1723 Quod
226 1664 326 1712 tamen
342 1650 511 1728 admissum,
528 1673 592 1734 quae
607 1651 644 1712 sit
658 1651 797 1728 vindicta,
813 1651 937 1713 docebo.
1033 1654 1097 1713 210

117 1747 291 1831 Contigerat
306 1762 416 1811 nostras
432 1748 550 1811 infamia
565 1750 705 1832 temporis
721 1771 823 1812 aures:

117 1845 221 1920 Quam
235 1847 359 1932 cupiens
373 1845 487 1925 salsam,
503 1870 618 1910 summo
634 1848 753 1910 delabor
767 1848 913 1933 Olympo,

96 1926 159 2007 lEt
175 1947 248 2009 deus
263 1945 395 2009 humanit
408 1948 500 2009 lustro
514 1947 592 2009 sub
584 1947 712 2029 imagine
728 1960 830 2010 terras

41 2036 101 2149 ³(
116 2042 223 2127 longa
236 2066 320 2106 mora
334 2058 390 2121 est,
407 2058 549 2127 quantum
564 2067 649 2106 noxae
665 2046 701 2107 sit
715 2046 826 2128 ubique
841 2058 1002 2128 repertum,

22 2192 33 2209 .-
87 2138 319 2204 Enumerare:
342 2142 438 2203 minor
451 2141 527 2203 lirit
520 2162 583 2223 ipsa
602 2140 720 2204 infamia
735 2154 829 2204 νθτοζ-
1032 2146 1096 2207 215

117 2237 246 2302 Maenala
260 2239 442 2315 transieram,
457 2238 575 2300 latebris
591 2238 737 2301 horrenda
751 2239 888 2317 ferarum,

117 2336 242 2400 Etcum
259 2336 390 2421 Cylleno
405 2336 494 2418 gelidi
508 2314 610 2419 pineta
624 2335 732 2420 Lycei.

116 2435 251 2498 Arcados
266 2435 335 2497 hinc
350 2434 436 2496 sedes
451 2447 482 2496 et
497 2433 645 2517 inhospita
659 2449 739 2499 tecta
753 2438 870 2520 tyranni

116 2532 278 2615 Ingredior,
289 2533 439 2595 traherent
452 2532 522 2594 clun
537 2554 602 2596 sera
616 2536 792 2618 crepuscula
806 2549 936 2600 noctem.

116 2631 208 2714 Signa
221 2632 290 2694 dedi
301 2631 416 2693 venisse
433 2630 522 2692 deum
536 2652 544 2708 3
557 2633 730 2716 ‘vulgusque
746 2635 859 2717 precari
1031 2637 1096 2698 220

116 2727 272 2814 Coeperat.
316 2729 421 2792 Irridet
437 2729 533 2813 primb
548 2730 598 2815 pia
614 2744 681 2793 vota
699 2731 835 2814 Lycaon.

115 2826 194 2891 Mox
209 2828 258 2906 ait,
274 2836 293 2865 “
306 2828 464 2913 Experiar,
480 2828 554 2891 deus
570 2829 629 2907 hic,
647 2830 814 2894 discrimine
830 2845 944 2917 aperto,

115 2926 167 2991 An
182 2926 219 2989 sit
233 2928 380 2991 mortalis:
403 2950 460 2991 nec
475 2928 530 2990 erit
545 2928 705 2991 dubitabile
721 2930 859 2993 verum.''

116 3024 215 3089 Nocte
230 3047 351 3107 marem
362 3048 465 3088 somno
480 3048 537 3088 nec
553 3026 644 3109 opinis
657 3030 781 3110 perdere
796 3044 891 3093 morte

115 3120 170 3185 Me
185 3136 292 3209 parat:
324 3122 399 3186 Haec
414 3123 455 3187 illi
471 3125 570 3207 placet
586 3126 772 3208 experientia
786 3129 857 3190 veri.
1031 3131 1095 3193 225

116 3219 184 3285 Nee
197 3235 355 3286 contentus
370 3243 417 3299 eo,
433 3221 514 3285 missi
529 3222 566 3284 de
582 3237 671 3306 gente
686 3223 821 3287 Molossa

115 3318 236 3383 Obsidis
251 3320 337 3384 unius
349 3320 486 3405 jugulum
500 3342 641 3385 mucrone
655 3322 792 3385 resolvit:

116 3417 217 3503 Atque
232 3418 273 3482 ita
287 3419 452 3482 semineces
467 3419 573 3502 partim
588 3418 768 3499 serventibus
782 3432 862 3483 artus

115 3514 215 3580 Mollit
229 3517 323 3601 aquis,
338 3517 443 3601 partim
459 3518 594 3603 subjecto
609 3518 711 3581 tonuit
725 3518 796 3601 igni,
