2356 4110
167 370 207 429 12
477 371 821 421 METAMORPHOSEON

165 525 389 607 Fatidicamque
403 522 545 600 Themin,
562 544 625 606 quae
639 541 718 583 nunc
731 521 829 583 oracla
842 521 972 584 tenebat.

165 621 234 684 Non
250 623 299 684 illo
314 621 417 684 melior
430 621 594 705 quisquam,
608 640 665 681 nec
680 619 821 681 amantior
835 619 909 702 aequi

166 719 221 782 Vir
235 719 299 796 suit,
314 732 364 781 aut
378 718 429 780 ibt
442 718 618 780 metuentior
631 717 691 778 ulla
706 718 837 779 deorum.

164 816 282 900 Jupiter
296 830 328 879 ut
341 816 457 900 liquidis
472 829 604 898 stagnare
620 816 774 898 paludibus
788 814 858 877 orbe
892 862 900 892 ,

165 914 208 977 Et
221 936 374 998 superesse
390 914 470 977 videt
485 914 522 975 de
537 927 579 975 tot
593 913 683 977 modi)
696 914 822 976 millibus
844 935 945 990 unum,
1074 915 1139 977 325

166 1012 208 1074 Et
222 1034 373 1096 superesse
389 1012 470 1074 videt
484 1014 521 1073 de
536 1025 579 1074 tot
594 1011 684 1073 modb
697 1011 823 1073 millibus
837 1033 945 1088 unam;

165 1110 311 1174 Innocuos
326 1113 437 1188 amboS,
451 1112 577 1173 cultores
592 1110 717 1172 numinis
732 1111 851 1187 ambos3

166 1208 277 1271 Nubila
291 1208 420 1292 disjecit:
444 1208 608 1290 nimbisque
623 1208 772 1291 Aquilone
787 1208 916 1285 remotiS,

166 1306 209 1369 Et
223 1307 300 1369 coelo
314 1319 404 1368 terras
418 1305 555 1382 ostendit,
571 1318 601 1367 et
615 1306 722 1367 aetbera
736 1307 828 1368 terris.

166 1402 233 1466 Nec
249 1403 334 1465 maris
350 1403 391 1465 ira
404 1416 522 1479 manet3
544 1403 697 1486 positoque
712 1403 871 1486 tricuspide
886 1404 946 1466 telo
1075 1406 1141 1468 330

166 1500 284 1563 Muloet
298 1490 388 1584 aquas
402 1500 498 1562 rector
512 1500 624 1583 pelagi:
648 1521 793 1583 supraque
809 1499 986 1583 profundum

166 1597 355 1674 Exstantem,
370 1611 457 1681 atque
472 1597 609 1658 humeros
624 1597 724 1659 innato
737 1598 848 1659 murice
863 1610 986 1674 tectum,

166 1695 336 1758 Caeruleum
351 1695 475 1757 Tritona
490 1708 576 1757 vocat
585 1717 593 1771 3
615 1695 793 1778 conchaeque
809 1695 907 1757 sonaci
1017 1772 1020 1776 Δ

166 1792 311 1877 Inspirare
321 1793 426 1878 jubet3
447 1793 612 1876 fluctusque
628 1805 659 1854 et
674 1792 794 1854 flumina
808 1792 891 1872 signo

167 1891 237 1953 Jam
250 1914 387 1955 revocare
403 1893 482 1954 dato.
526 1890 612 1954 Cava
626 1890 749 1952 buccina
764 1890 887 1951 sumitur
907 1889 948 1951 illi
1076 1890 1141 1952 335

167 1988 298 2066 Tortilis,
313 1990 343 2051 in
358 1991 449 2052 latum
465 2011 527 2072 quae
541 1988 655 2050 turbine
670 1987 775 2049 crescit
790 1987 827 2048 ab
849 1988 924 2049 imo:

167 2084 311 2163 Buccina,
328 2109 391 2170 quae
405 2087 504 2147 medio
517 2084 655 2165 concepit
669 2097 702 2144 ut
716 2086 785 2144 a'e'ra
799 2096 900 2165 ponto,

168 2183 282 2246 Littora
297 2204 370 2244 voce
384 2183 490 2264 replet,
505 2181 559 2242 sub
573 2193 697 2262 utroque
708 2178 838 2264 jacentia
851 2179 981 2243 Phoebo.

168 2280 249 2342 Tum
265 2301 392 2363 quoque,
407 2292 439 2339 ut
454 2300 504 2339 ora
518 2277 565 2339 dei
580 2275 699 2338 madida
711 2276 838 2340 rorantia
851 2277 943 2340 barbi

168 2377 312 2459 Contigit,
328 2389 358 2438 et
371 2375 478 2438 cecinit
488 2375 585 2460 jussos
600 2374 700 2437 inflata
714 2387 862 2458 receptus,
1075 2380 1143 2441 340

169 2474 315 2537 Omnibus
329 2474 428 2536 audita
442 2487 487 2536 est
501 2474 613 2536 telluris
627 2485 657 2535 et
672 2473 793 2557 aequoris
808 2474 910 2536 undis:

168 2570 211 2634 Et
226 2572 330 2655 quibus
344 2584 389 2633 est
404 2571 488 2633 undis
503 2571 611 2647 audita,
625 2571 756 2633 coercuit
770 2593 883 2633 omnes.

211 2668 279 2731 Jam
294 2690 374 2731 mare
389 2669 469 2730 littus
484 2668 589 2731 habet:
614 2668 716 2753 plenos
731 2669 810 2751 capit
825 2669 926 2730 alveus
941 2655 1059 2732 amnes:

169 2766 308 2830 Flumina
321 2767 490 2830 subsidunt:
512 2767 602 2828 colles
617 2766 698 2828 exire
713 2765 857 2828 videntur.

169 2864 268 2947 Surgit
280 2866 404 2929 humus:
427 2878 562 2928 crescunt
576 2865 641 2926 loca
655 2863 891 2927 decrescentibus
905 2864 1001 2927 undis.
1076 2867 1142 2929 345

170 2961 302 3046 Postque
318 2964 396 3025 diem
410 2964 527 3045 longam
541 2962 651 3025 nudata
664 2962 818 3025 cacumina
832 2963 910 3025 silvae

169 3058 349 3138 Ostendunt‚
363 3061 523 3141 limumque
540 3073 642 3122 tenent
655 3060 684 3122 in
700 3058 801 3121 sronde
815 3059 959 3121 relictum.

949 3181 1001 3333 l
