2356 4110
509 339 617 390 LIBER
633 338 681 390 ΙΙΙ.

108 490 196 556 Cedit
209 492 398 576 Agenorides
413 492 552 575 pauldm:
576 492 729 576 spolioque
745 492 838 554 leonis

111 590 235 654 Sustinet
249 591 383 654 incursus
395 612 404 666 ;
426 591 623 674 instantiaque
638 613 689 653 ora
703 590 831 653 retardat

116 686 238 772 Cuspide
253 687 409 773 praetenti.
454 687 539 751 Furit
553 689 614 766 ille,
630 703 660 751 et
674 689 771 751 inania
786 689 859 751 duro
1043 688 1085 749 60

118 783 237 850 Vulnera
251 788 302 851 dat
317 786 413 850 ferro:
437 786 600 870 frangitque
616 787 644 849 in
660 787 796 849 acumine
812 786 927 848 dentes.

121 881 230 969 Jamque
246 885 419 948 venenifero
432 886 550 968 sanguis
564 907 684 947 manare
703 886 802 969 palato

123 977 248 1064 Ceperat
257 1005 266 1060 3
289 996 320 1045 et
336 982 442 1044 virides
457 983 775 1066 adsperginetinxerat
789 982 911 1044 herbas:

124 1075 173 1140 Sed
184 1081 246 1143 leve
254 1082 370 1153 ffulnus
385 1095 464 1144 erat:
489 1082 557 1165 quia
571 1103 603 1143 se
618 1081 786 1143 retrahebat
801 1081 838 1142 ab
853 1080 933 1155 iotu3

125 1173 248 1264 Lasaque
264 1181 342 1243 colla
357 1181 445 1243 dabat
459 1194 537 1243 retro
546 1198 562 1257 3:
569 1180 755 1263 'plagamque
769 1178 873 1240 sede're
1043 1178 1085 1240 65

127 1271 251 1341 Cedendo
266 1279 397 1355 arcebat,
411 1301 468 1341 nec
482 1278 598 1360 longiis
612 1279 654 1340 ire
669 1278 799 1340 sinebat:

127 1367 212 1439 Donec
225 1377 413 1460 Agenorides
427 1376 597 1462 conjectum
611 1377 641 1439 in
656 1390 773 1459 gutture
788 1375 898 1439 serrum

127 1465 209 1555 Usque
223 1496 352 1558 sequens
367 1476 482 1558 pressit,
497 1475 567 1537 dum
584 1488 661 1537 retro
676 1496 801 1558 quercus
816 1474 896 1537 eunti

126 1565 243 1650 Obstitit3
265 1588 296 1635 et
310 1574 372 1635 fixa
386 1587 431 1636 est
445 1574 553 1658 pariter
566 1595 634 1636 curn
650 1575 753 1636 robore
768 1574 882 1636 cervix.

126 1661 240 1733 Pondere
256 1672 401 1755 serpentis
415 1685 537 1734 curvata
551 1684 597 1734 est
611 1672 752 1750 arbor>tet
767 1673 832 1734 irnae
1042 1675 1085 1733 70

126 1759 195 1828 Parte
209 1770 350 1852 flagellari
364 1770 477 1852 gemuit
491 1792 545 1833 sua
558 1771 662 1834 robora
675 1771 788 1833 caudae.

157 1863 228 1929 Dum
242 1869 372 1952 spatium
388 1869 481 1932 victor
494 1869 564 1932 victi
579 1868 745 1932 considerat
760 1868 869 1944 hostis3

120 1954 181 2024 ·Vorr
192 1966 288 2028 subiti)
304 1967 403 2029 audita
417 1980 479 2030 est:
506 1966 618 2052 (neque
634 1979 696 2028 erat
711 1985 890 2047 cognoscere
905 1976 1076 2048 promptum

127 2052 211 2139 Urd3e
232 2065 285 2126 sed
302 2065 402 2127 audita
416 2063 476 2151 est)
495 2064 608 2143 ‘Quia
625 2065 765 2146 Agenore
781 2076 861 2142 nate,
873 2076 1066 2191 peremptum

128 2112 280 2240 Serpedtem
295 2165 435 2246 spectas?
457 2177 514 2226 ett
502 2177 534 2226 u
549 2163 722 2247 spectabere
738 2162 881 2247 serpens.’
1041 2165 1085 2226 75

127 2246 167 2314 [lle
178 2259 226 2321 diu
236 2261 374 2344 pavidus
390 2262 499 2344 pariter
512 2284 581 2323 curn
596 2275 697 2324 mente
712 2262 843 2324 colorem

126 2344 185 2417 Petd
171 2357 292 2435 diderat;
316 2360 473 2443 gelidoque
487 2382 579 2422 coma
595 2374 704 2421 terrore
719 2360 864 2442 rigebant.
870 2360 901 2425 A

157 2448 270 2517 Ecce
243 2479 295 2521 vrri
289 2457 431 2534 fautrix,
446 2479 567 2541 superas
583 2458 705 2541 delapsa
718 2479 773 2541 per
744 2407 928 2536 έιυωψ

123 2542 202 2615 Pallas
216 2552 318 2629 adiit
343 2570 489 2640 motaque
500 2556 587 2641 jubet
601 2578 768 2641 supponere
784 2571 867 2620 terrae

122 2640 248 2731 Vipereos
263 2654 381 2730 denteS,
397 2655 521 2738 populi
513 2669 695 2718 rnorementa
710 2655 809 2718 futuri.
1042 2656 1085 2717 80

118 2740 210 2813 Paret:
232 2766 263 2815 et
276 2766 310 2815 ut
327 2774 429 2835 presso
443 2754 558 2816 sulcum
574 2753 714 2837 patefecit
729 2767 835 2829 aratro,

113 2842 219 2933 Spargit
234 2852 316 2915 humi
328 2850 435 2936 jussos,
450 2850 584 2915 mortalia
598 2853 722 2927 semina,
738 2853 853 2912 dentes.

110 2938 177 3007 Inde
194 2945 265 3033 (fide
281 2947 392 3034 majus)
408 2950 500 3032 gleba
516 2951 638 3034 coepere
654 2949 781 3011 moveri:

107 3040 259 3129 Primaque
277 3047 315 3109 de
330 3048 419 3110 sulcis
435 3049 512 3111 adies
528 3049 663 3131 apparuit
678 3049 780 3110 hastae.

105 3138 247 3225 Tegmina
261 3166 336 3207 mox
349 3147 480 3229 capitum
496 3147 577 3230 picto
592 3147 724 3210 nutantia
738 3168 831 3209 cono:
1040 3146 1084 3208 85

101 3236 177 3302 Mox
192 3242 311 3305 humeri
326 3257 508 3328 pectusque,
516 3245 696 3329 onerataque
710 3246 831 3308 brachia
845 3245 910 3308 telis

97 3334 274 3403 Exsistunt:
297 3342 463 3426 crescitque
478 3350 564 3442 seges
580 3341 721 3427 clypeata
734 3346 947 3617 viroruqqg,⁴

96 3436 158 3516 Sic,
174 3440 225 3503 ubi
241 3441 384 3504 tolluntur
398 3441 479 3505 sestis
494 3438 545 3504 aut
545 3464 586 3505 aea
600 3443 731 3521 theatris,

356 3543 378 3604 4
