2356 4110
453 346 561 398 LIBER
583 346 640 399 XV.
981 346 1042 406 145

68 497 167 584 Nuper
181 500 329 562 Abanteis
343 499 457 583 templo
470 499 596 563 Junonis
611 500 639 562 in
655 500 754 584 Argis.
981 506 1042 565 105

65 598 170 662 Omnia
188 612 355 661 mutantur:
379 597 450 661 nihil
466 598 573 661 interi-t.
618 599 716 676 Errat,
732 613 763 662 et
778 600 857 664 illinc

64 695 130 760 Huc
146 698 239 774 venit,
254 697 324 759 hinc
338 697 418 773 illuc,
433 710 463 758 et
479 697 625 779 quoslibet
640 712 766 781 occupat
782 713 860 761 artus

61 794 206 876 Spiritus:
230 794 309 878 eque
324 793 391 856 seris
407 794 536 855 humana
551 795 580 856 in
595 816 719 878 corpora
734 797 846 874 transit,

62 892 155 975 lnque
170 891 246 954 seras
262 906 376 953 noster:
399 912 458 953 nec
472 905 607 974 tempore
623 892 737 975 deperit
751 894 822 956 ullo.

61 988 163 1074 thue
179 990 264 1051 novis
279 988 384 1070 fingitis
398 989 530 1070 signatur
543 1010 613 1051 cera
626 990 735 1071 liguris,
979 996 1040 1055 110

59 1085 86 1150 N
89 1109 126 1150 ec
143 1101 244 1149 manet
257 1101 290 1149 ut
304 1086 409 1164 fuerat,
425 1107 481 1148 nec
497 1085 603 1148 formas
618 1101 715 1149 servat
730 1086 869 1163 easdem3

58 1185 119 1247 Sed
136 1199 237 1246 tamen
252 1185 315 1267 ipsa
330 1185 435 1246 eadem
450 1199 512 1246 est:
537 1181 665 1246 animam
681 1185 724 1247 sic
738 1206 858 1268 semper
872 1186 998 1248 eandem

58 1281 148 1358 Esse,
163 1282 217 1343 sed
232 1282 262 1344 in
279 1282 370 1344 varias
386 1282 481 1345 doceo
497 1283 621 1364 migrare
637 1283 753 1364 figuras.
771 1297 775 1306 '

57 1378 151 1462 Ergo,
167 1401 206 1441 ne
221 1380 314 1463 pietas
330 1380 366 1442 sit
383 1379 461 1442 victa
475 1381 614 1463 cupidine
631 1383 750 1459 ventris,
795 1374 804 1383 ¹*

56 1477 179 1539 Parcite
196 1475 368 1563 (vaticinor)
384 1492 523 1560 cognatas
537 1479 619 1541 caede
635 1478 765 1541 nefanda
976 1481 1037 1543 115

56 1573 228 1637 Exturbere
243 1576 371 1639 animas:
395 1597 451 1638 nec
466 1576 607 1658 sanguiue
622 1577 739 1658 sanguis
754 1577 859 1639 alatur.
987 1563 990 1568 ¹

101 1673 145 1735 Et
160 1674 298 1756 quoniam
313 1695 420 1755 magno
435 1672 512 1735 seror
527 1695 654 1757 aequore,
670 1675 818 1758 plenaque
834 1675 930 1736 ventis
952 1689 954 1695 ’

57 1770 139 1834 Vela
154 1771 221 1833 dedi
235 1793 243 1847 ;
264 1771 336 1833 nihil
350 1785 397 1833 est
411 1785 474 1834 toto
489 1772 567 1855 quod
584 1787 694 1854 perstet
710 1774 738 1835 iu
754 1773 835 1834 orbe.
924 1787 928 1794 “

55 1867 179 1931 Cuncta
193 1869 298 1946 fluunt,
314 1869 469 1952 omnisque
484 1891 595 1951 vagans
611 1869 750 1932 formatur
764 1871 871 1952 imag0.

55 1966 129 2048 Ipsa
145 1988 263 2050 quoque
277 1967 401 2030 adsiduo
415 1968 552 2029 labuntur
566 1981 701 2049 tempora
718 1982 800 2029 motu
976 1971 1036 2032 120

56 2064 130 2126 Non
145 2066 229 2127 seclus
244 2087 279 2127 ac
295 2065 416 2128 flumen.
461 2064 570 2148 Neque
586 2066 664 2127 enirn
676 2066 835 2127 consistere
850 2065 973 2144 flumen,

55 2160 88 2223 N
90 2183 127 2224 ec
142 2163 214 2224 levis
228 2163 300 2224 hora
313 2174 427 2246 potest:
450 2162 514 2238 sed,
529 2175 561 2224 ut
577 2163 655 2224 unda
669 2163 829 2246 impellitur
843 2163 933 2242 undri,

55 2259 247 2344 Urgeturque
263 2261 341 2343 prior
356 2260 496 2337 venienti,
511 2275 655 2344 urgetque
671 2261 809 2343 priorem,

54 2357 211 2440 Tempora
224 2358 266 2420 sic
280 2357 394 2439 fugiunt
409 2358 526 2440 pariter,
543 2359 709 2441 pariterque
724 2373 904 2442 sequuntur:

56 2455 98 2518 Et
110 2469 263 2518 novasunt
272 2477 407 2538 semper:
423 2477 492 2517 nam
506 2455 585 2539 quod
597 2454 650 2518 fuit
663 2455 743 2533 ante,
754 2457 888 2519 relictum
900 2469 961 2519 est:
974 2459 1035 2520 125

55 2552 179 2636 Fitque,
195 2553 273 2636 quod
287 2553 367 2614 haud
383 2552 493 2615 suerat:
516 2567 726 2637 momentaque
741 2569 848 2617 cuncta
863 2567 1018 2617 novantur.

54 2649 165 2713 Cernis
181 2664 210 2712 et
225 2671 353 2712 emersas
368 2649 397 2712 iu
412 2651 510 2712 lucem
526 2652 648 2713 tendere
663 2667 775 2728 noctes,

55 2747 99 2810 Et
109 2747 198 2832 jubar
212 2748 268 2810 hoc
282 2747 406 2809 nitidum
421 2747 508 2829 nigrae
525 2748 685 2810 succedere
700 2747 790 2834 npcti.

54 2845 86 2908 N
89 2868 125 2908 ec
140 2846 220 2908 color
234 2859 279 2908 est
294 2844 373 2908 idem
387 2845 477 2922 coelo,
492 2846 560 2908 crim
576 2846 653 2908 lassa
667 2844 765 2928 quiete

56 2941 177 3004 Cuncta
187 2941 289 3027 jacent
303 2940 421 3019 medi&
443 2943 571 3026 cumque
587 2944 654 3005 albo
669 2940 791 3004 Lucifer
804 2941 868 3004 exit
974 2945 1036 3009 130

56 3039 164 3102 Clams
180 3061 275 3123 equo:
299 3061 472 3123 rursumque
489 3040 572 3118 alius,
587 3041 656 3102 clun
672 3039 780 3123 praevia
794 3039 852 3103 luci

54 3136 250 3199 Tradendum
266 3137 385 3201 Plroebo
399 3136 561 3200 Pallantias
577 3138 666 3200 inficit
681 3138 794 3201 urbem.

54 3234 125 3318 Ipse
142 3235 189 3296 dei
204 3235 340 3318 clypeus,
355 3234 434 3298 terri
448 3234 516 3297 crim
532 3236 641 3297 tollitur
656 3235 725 3313 irmi,

54 3331 149 3394 Mane
164 3333 267 3395 rubet:
291 3334 439 3417 tetrique,
455 3333 550 3409 rubet,
566 3333 634 3395 crim
649 3334 785 3396 conditur
800 3332 875 3394 ims:

53 3429 210 3493 Candidus
226 3430 254 3493 in
270 3453 387 3495 summo
402 3444 457 3507 est,
473 3431 576 3493 melior
590 3444 693 3493 natura
709 3431 788 3514 qurid
803 3427 862 3491 illie
974 3431 1035 3494 135

52 3529 188 3592 AEtheris
202 3542 258 3607 est,
272 3544 418 3622 terraeque
433 3529 535 3613 procul
550 3530 685 3610 contagia
701 3528 783 3590 vitat.

361 3629 398 3691 13
