2356 4110
484 130 592 181 maun
608 130 628 179 l.

348 409 538 451 DEUCALION
559 409 602 450 m·
624 408 765 450 rmus.

497 605 527 645 v.
543 585 617 647 348.

98 767 257 830 Redditus
271 766 349 829 orbis
365 778 436 827 erat.
482 764 585 838 Quem
601 779 759 849 postquam
774 766 847 828 vidit
861 767 992 843 inanem,

56 865 105 928 Et
120 866 269 927 desolatas
285 884 374 946 agere
389 864 448 924 alta
462 863 578 924 silentia
592 878 693 940 terras,

56 962 244 1037 Deucalion,
259 961 399 1043 lacrymis
414 961 454 1022 ita
468 961 615 1044 Pyrrham
631 961 736 1023 affatur
750 962 875 1025 obortis:
982 963 1046 1023 350

58 1059 112 1121 ‘0
127 1080 221 1135 soror,
234 1080 253 1120 ο
266 1056 389 1141 conjux,
404 1079 423 1119 o
437 1057 558 1122 foemina
572 1059 635 1121 sola
648 1072 807 1143 superstes,

59 1155 171 1229 Quam
186 1176 343 1217 commune
358 1155 430 1216 mihi
445 1177 550 1236 genus,
564 1169 595 1217 et
609 1157 748 1238 patruelis
762 1157 854 1238 origo,

58 1253 188 1315 Deinde
202 1266 281 1314 torus
292 1252 410 1336 junxit3
432 1275 509 1314 nunc
525 1253 589 1336 ipsa
603 1254 732 1336 pericula
742 1253 887 1338 jungunt:

59 1350 238 1427 Terrarum,
253 1370 443 1433 quascunque
459 1350 560 1412 vident
574 1372 696 1412 occasus
711 1365 741 1413 et
756 1364 846 1429 ortus,

60 1446 130 1510 Nos
147 1447 207 1509 duo
221 1449 305 1509 turba
320 1469 430 1509 sumus.
475 1447 613 1510 Possedit
627 1462 732 1511 caetera
746 1461 864 1531 pontus.
982 1451 1046 1512 355

60 1545 159 1607 Nunc
175 1566 291 1628 quoque
307 1546 404 1607 adhuc
418 1545 484 1607 vitae
499 1567 557 1607 non
572 1560 616 1607 est
631 1547 739 1608 fiducia
752 1559 856 1608 nostre

62 1642 165 1705 Certa
178 1642 263 1704 satis:
286 1656 396 1705 terrent
410 1643 570 1704 etiamnum
586 1644 686 1703 nubila
701 1655 842 1703 mentem.

62 1738 155 1812 Quid
171 1739 233 1816 tibi,
247 1740 271 1801 si
286 1740 348 1802 sine
362 1762 412 1802 me
427 1740 492 1803 satis
508 1752 612 1822 erepta
625 1739 740 1816 fuisses,

64 1836 162 1899 Nunc
176 1837 276 1913 animi,
290 1838 466 1914 miseranda,
481 1837 577 1900 soret?
600 1857 659 1921 quo
674 1838 735 1899 sola
750 1837 885 1900 timorem

64 1933 163 1996 Ferre
176 1934 266 1996 modo
280 1937 403 2016 posses?
425 1956 484 2018 quo
498 1936 668 1997 consolante
684 1936 819 1998 doleres?
982 1939 1047 1999 360

65 2030 209 2114 Namque
223 2052 281 2113 ego
298 2029 401 2117 (crede
415 2031 514 2118 mibi)
531 2033 555 2094 si
571 2046 600 2094 te
616 2034 706 2094 modb
721 2048 830 2118 pontus
844 2035 978 2112 haberet,

64 2128 116 2191 Te
131 2149 283 2211 sequerer,
297 2129 425 2214 conjux:
448 2144 478 2192 et
492 2153 541 2192 me
557 2152 674 2214 qnoque
690 2145 796 2215 pontus
811 2133 944 2194 baberet.

56 2224 96 2288 Ο
110 2226 226 2288 utinam
240 2227 349 2309 possim
366 2216 492 2310 populos
506 2250 641 2313 reparare
660 2230 788 2312 paternis

62 2325 209 2399 Artibus;
231 2337 319 2408 atque
335 2325 446 2388 animas
460 2324 589 2389 sormatae
604 2327 756 2391 infimdere
771 2329 872 2392 terrae!

62 2421 94 2485 N
96 2442 158 2484 unc
171 2443 265 2503 genus
278 2423 309 2484 in
323 2422 407 2485 nobis
420 2436 510 2486 restat
524 2426 647 2488 mortale
663 2424 788 2503 duobus,
981 2428 1045 2490 365

66 2520 134 2607 (Sic
151 2520 244 2581 visum
257 2519 385 2606 superis)
402 2521 614 2606 bominumque
629 2525 770 2607 exempla
784 2524 960 2585 manemus.'

105 2617 247 2694 Dixerat,
263 2631 293 2680 et
307 2618 430 2681 flebant.
474 2620 592 2684 Placuit
606 2624 729 2684 coeleste
744 2621 858 2703 precari
928 2648 931 2657 ·

63 2713 199 2792 Numen,
215 2728 243 2778 et
258 2716 401 2778 auxilium
415 2738 469 2800 per
483 2740 579 2782 sacras
595 2739 723 2802 quaerere
739 2731 841 2780 sortes.

63 2810 156 2875 Nulla
170 2834 252 2875 mora
266 2826 330 2890 est3
352 2814 462 2877 adeunt
475 2816 583 2898 pariter
598 2815 776 2900 Cephisidas
791 2817 895 2896 undas,

63 2908 106 2973 Ut
119 2910 255 2973 nondum
268 2911 404 2994 liquidas,
419 2912 461 2974 sio
472 2912 536 2997 jam
551 2913 628 2977 vada
641 2926 712 2989 nota
725 2930 895 3067 secante*
981 2920 1045 2979 370

62 3005 137 3070 lnde
153 3008 205 3070 ubi
218 3008 325 3072 libatos
341 3009 501 3071 irroravdre
517 3010 643 3094 liquores
661 2996 697 3037 '²'

64 3105 207 3209 Vestibus
222 3106 377 3191 etcapiti3
399 3107 524 3171 flectunt
538 3108 660 3197 vestigia
672 3125 780 3174 sancte

60 3200 349 3269 Ad‘delubra‘deae:
372 3226 500 3290 quorum
515 3204 629 3295 fastigia
644 3208 721 3291 turpi

59 3304 245 3391 Squalebant
258 3324 385 3381 musc03
406 3304 581 3387 stabantque
596 3306 660 3368 sine
675 3305 790 3387 ignibus
805 3323 872 3366 arae.

332 3405 355 3464 2
