2356 4110
102 394 124 454 4
416 399 763 450 METAMORPHOSEON

103 550 174 614 Sive
189 571 293 612 recens
308 550 404 628 tellus,
419 551 600 635 seductaque
614 572 710 635 nuper
725 551 761 614 ab
777 551 838 613 alto
1035 555 1080 616 80

102 648 240 727 AEthere,
254 649 372 731 cognati
386 649 531 712 retinebat
546 649 659 711 semina
672 648 752 711 coeli.

103 746 206 821 Quam
221 762 300 810 satus
314 747 430 832 l'apeto,
446 749 571 811 mixtam
583 748 750 810 fluvialibus
765 747 861 824 undis,

71 887 77 895 ·
102 843 207 908 Finxit
222 847 252 908 in
267 846 396 928 effigiem
411 846 616 908 moderantum
631 859 739 908 cuncta
754 846 888 907 deorum.

101 942 260 1030 Pronaque
276 945 345 1007 clun
360 958 495 1028 spectent
510 946 645 1008 animalia
659 958 765 1007 caetera
779 957 906 1020 terram3

102 1042 147 1105 Os
162 1042 275 1104 homini
289 1042 414 1105 sublime
430 1043 527 1105 dedit:
551 1045 720 1126 coelumque
735 1043 811 1104 tueri
1034 1045 1078 1106 85

100 1139 204 1218 Jussit,
219 1154 250 1203 ct
265 1154 379 1204 erectos
395 1139 432 1203 ad
446 1141 541 1203 sidem
555 1142 657 1203 tollere
674 1142 783 1202 vultus.

101 1237 163 1316 Sic,
178 1239 269 1301 modb
287 1260 351 1322 qnae
365 1239 460 1300 suerat
474 1239 554 1301 rudis
569 1253 600 1300 et
613 1240 675 1301 sine
691 1239 829 1321 imagine,
844 1238 931 1302 tellus

101 1335 200 1399 Induit
213 1337 327 1419 ignotas
342 1336 495 1399 hominum
509 1358 652 1400 conversa
666 1337 782 1419 figuras.
945 1384 977 1443 X

364 1577 518 1631 qunruolt
538 1578 644 1655 mim
666 1580 808 1621 inflans-

535 1762 567 1802 v.
586 1744 638 1804 89.

100 1910 202 1973 Aurea
216 1911 311 1994 prima
324 1924 389 1975 sata
403 1926 448 1975 est
463 1925 542 1990 aetas,
558 1935 632 1999 quae,
648 1913 764 1976 vindice
778 1913 870 1991 nullo,

100 2006 214 2092 Sponte
228 2009 293 2088 sui,
308 2010 371 2072 sine
386 2012 464 2092 lege,
479 2012 569 2074 fidem
584 2025 759 2095 rectumque
774 2012 902 2074 colebat.
1031 2016 1077 2076 9⁰

99 2105 197 2169 Poena
209 2120 364 2191 metusque
379 2108 518 2170 aberant:
541 2129 597 2169 nec
611 2108 702 2169 verba
714 2108 840 2169 minacia
853 2109 914 2171 lixo

99 2204 173 2267 AEre
187 2205 377 2286 legebantur:
400 2226 458 2267 nec
472 2205 602 2288 supplex
616 2205 702 2267 turba
716 2204 860 2268 timebant

98 2300 214 2366 Judicis
228 2324 279 2364 ora
295 2300 342 2365 sui
350 2324 357 2364 :
381 2302 434 2366 scd
449 2316 532 2365 erant
546 2301 609 2365 sine
620 2302 722 2388 judice
736 2302 802 2366 tuti.
837 2366 840 2371 .

99 2400 242 2464 Nondum
256 2422 331 2464 cesa
345 2402 416 2480 suis,
427 2402 614 2486 peregrinum
624 2416 657 2465 ut
668 2403 775 2466 viseret
789 2404 902 2480 orbem,

98 2496 264 2577 Montibus,
277 2499 307 2560 in
321 2499 446 2583 liquidas
459 2500 546 2584 pinus
561 2500 754 2563 descenderat
768 2501 879 2581 undas:
1030 2505 1075 2565 95

98 2594 248 2681 Nullaque
263 2597 412 2676 mortales,
426 2612 531 2683 praeter
544 2620 608 2675 sua,
622 2599 719 2661 littora
733 2599 849 2662 nbrant.

99 2694 241 2761 Nondum
256 2696 422 2781 precipites
436 2697 594 2779 cingebant
608 2697 718 2781 oppida
733 2697 833 2760 fossae:

98 2791 169 2857 Non
183 2796 255 2858 tuba
269 2794 383 2874 directi,
397 2818 457 2859 non
471 2796 534 2859 aeris
548 2817 659 2859 cornua
672 2796 755 2872 flexi,

97 2890 169 2955 Non
183 2894 284 2975 galea,
299 2914 359 2957 non
374 2895 463 2975 ensis,
478 2908 571 2958 erant.
616 2894 687 2957 Sine
702 2893 800 2957 militis
816 2917 873 2957 usu

63 2988 67 2995 '
98 2988 203 3055 Mollia
217 3013 327 3054 securae
343 2995 523 3076 peragebant
537 2995 597 3057 otia
612 3007 745 3075 mentes.¹
1014 2997 1073 3056 100

98 3088 167 3175 Ipsa
183 3111 300 3174 quoque
317 3091 463 3168 immunis,
478 3106 630 3175 rastroque
645 3092 764 3167 intacta,
778 3111 835 3153 nec
849 3090 915 3151 ullis

98 3188 206 3253 Saucia
221 3189 399 3266 vomeribus,
415 3210 469 3272 per
483 3210 515 3251 se
531 3190 618 3251 dabat
633 3190 731 3252 omnia
745 3189 849 3251 tellus:

97 3284 300 3372 Contentique
315 3287 398 3364 cibis,
414 3287 495 3349 nullo
509 3300 648 3369 cogente,
663 3287 779 3364 creatiS,

97 3384 248 3448 Arbuteos
264 3385 364 3463 soetus,
378 3398 576 3469 montanaque
592 3384 671 3467 fraga
685 3385 833 3467 legebant,

97 3481 269 3569 Cornaque,
285 3484 361 3547 etin
377 3483 455 3546 duris
471 3483 611 3546 haerentia
625 3505 707 3546 mora
720 3482 850 3559 rubetis3
1011 3488 1072 3546 105

101 3580 140 3647 Et
154 3602 219 3667 qua
234 3581 404 3647 deciderant
418 3581 521 3666 patuli
534 3580 619 3645 Jovis
634 3582 737 3645 arbore
751 3579 885 3663 glandes.
