2356 4110
100 293 163 355 116
411 299 761 352 maramottrflosrorv

97 453 272 536 Littoraque
287 452 404 515 intravit
418 451 562 535 Pegasaeb
577 451 694 515 Colcha
707 449 818 514 carina

97 551 209 616 AEacus
224 551 294 613 huic
309 563 393 633 pater
408 565 469 612 est:
494 551 543 634 qui
554 549 623 634 jura
636 548 787 611 silentibus
802 548 863 612 illic
1033 554 1066 616 25

98 648 222 725 Reddit,
237 648 288 711 ubi
302 647 442 710 AEoliden
458 669 564 710 saxum
578 669 667 730 grave
683 647 835 730 Sisyphon
851 663 950 732 urget.

96 747 213 812 AEacon
228 747 360 829 agnoscit
374 768 517 824 summus,
532 747 706 830 prolemque
722 745 829 808 latetur

97 844 216 929 Jupiter
229 865 295 907 esse
309 866 404 907 suam.
449 844 500 907 Sic
515 845 552 906 ab
566 842 644 907 Jove
660 844 763 906 tertius
778 844 872 929 Ajax.

97 942 165 1006 Nec
180 956 280 1005 tamen
294 943 358 1005 haec
373 942 462 1005 series
477 943 507 1004 in
521 942 613 1004 causi
626 942 729 1026 prosit,
744 941 878 1019 Achivi3

98 1041 131 1104 Si
145 1040 217 1104 mihi
231 1063 301 1103 cum
316 1063 423 1123 magno
437 1062 496 1102 non
511 1054 556 1103 est
570 1039 735 1102 communis
750 1040 885 1103 Achille.
1035 1045 1070 1105 30

97 1138 204 1203 Frater
218 1153 298 1215 erat3
322 1137 449 1218 statema
463 1151 544 1220 peto.
590 1135 672 1210 Quid
694 1138 836 1226 sanguine
851 1152 953 1201 cretus

98 1237 250 1322 Sisyphio,
265 1236 416 1319 firmisque,
432 1249 463 1297 et
477 1234 578 1297 fraude
593 1235 757 1297 simillimus
772 1235 825 1312 illi,

97 1333 203 1397 Inserit
217 1334 350 1396 AEacidis
365 1333 466 1396 alienae
481 1334 600 1395 nomina
616 1334 733 1415 gentis?

140 1433 191 1493 An
208 1431 287 1515 qubd
302 1431 331 1494 in
347 1452 428 1493 arma
442 1431 531 1515 prior,
546 1431 686 1516 nulloque
702 1433 757 1494 sub
771 1431 869 1495 indice
885 1455 967 1510 vem,

98 1530 192 1592 Anna
206 1530 343 1611 neganda
356 1529 449 1592 mihil
472 1531 626 1613 potiorque
642 1530 789 1593 videbitur
803 1530 864 1608 ille,
1037 1532 1073 1595 35

97 1626 212 1691 Ultinm
227 1627 277 1711 qui
290 1628 381 1712 cepit,
396 1627 629 1711 detrectavitque
644 1627 741 1690 furore

97 1724 236 1789 Militiam
251 1726 337 1788 ficto:
361 1726 457 1788 donec
472 1725 605 1788 solertior
625 1725 693 1802 isto,

98 1823 160 1886 Sed
174 1823 229 1886 sibi
244 1824 383 1900 inutilior,
398 1823 492 1885 timidi
506 1836 676 1886 commenta
690 1823 799 1885 retexit

98 1921 282 2006 Naupliades
297 1922 397 2000 animi,
412 1922 561 2005 vitataque
577 1920 666 1983 traxit
680 1920 710 1983 in
725 1923 830 1984 annal

98 2019 223 2102 Optima
236 2043 315 2082 nunc
331 2034 438 2096 sumat,
454 2020 504 2104 qui
518 2040 634 2081 sumere
650 2019 744 2080 noluit
759 2019 840 2081 ulla:
1037 2023 1075 2084 40

98 2117 163 2180 Nos
178 2119 354 2194 inhonorati,
371 2131 401 2180 et
416 2117 500 2180 donis
516 2117 697 2199 patruelibus
711 2117 785 2194 orbi,

98 2214 269 2277 Obtulimus
285 2216 335 2298 qui
349 2236 403 2276 nos
417 2214 454 2276 ad
469 2214 563 2298 prima
577 2214 718 2297 pericula,
734 2216 834 2277 simus.

98 2312 201 2395 Atque
217 2312 329 2374 utinam
344 2325 395 2375 aut
411 2334 496 2374 verus
511 2311 590 2374 furor
604 2312 664 2389 ille,
680 2326 730 2375 aut
744 2313 884 2390 creditus,
900 2328 981 2378 esset
989 2337 999 2392 ;

99 2410 167 2472 Nec
181 2432 282 2473 comes
297 2411 346 2473 hic
360 2411 506 2493 Phrygias
521 2432 652 2494 unquam
667 2410 795 2473 venisset
814 2412 852 2474 ad
867 2433 952 2476 arces

99 2507 241 2571 Hortatur
255 2509 417 2571 scelerum!
455 2508 527 2571 Non
542 2524 583 2586 te,
600 2509 738 2572 Poeantia
753 2510 861 2594 proles,
1041 2512 1078 2574 45

99 2605 280 2689 Expositum
295 2606 427 2668 Lemnos
441 2620 541 2668 nostro
555 2628 625 2669 cum
640 2607 761 2669 crimine
776 2608 909 2671 haberet.

100 2703 257 2778 Quinum
275 2704 321 2792 (ut
336 2702 517 2791 memorant)
534 2705 715 2767 silvestribus
730 2705 846 2768 abditus
861 2707 952 2770 antris

100 2803 181 2866 Saxa
196 2826 298 2867 moves
314 2805 436 2887 gemitu,
451 2803 677 2887 Laertiadaeque
693 2803 831 2886 precaris,

100 2900 179 2974 Qua
193 2903 316 2965 meruit:
340 2925 404 2986 quae
422 2901 461 2989 (si
476 2901 506 2965 di
521 2900 604 2989 sunt)
621 2924 680 2964 non
695 2923 773 2964 vana
787 2902 928 2985 preceris.

100 2997 142 3060 Et
156 3020 235 3060 nunc
250 3001 299 3060 ille
315 3000 420 3061 eadem
435 3001 518 3063 nobis
528 3000 642 3085 juratus
658 3001 687 3063 in
703 3020 793 3076 arma,
1039 3003 1081 3064 50

103 3094 189 3183 (Heu
200 3093 224 3180 l)
249 3117 315 3180 pars
331 3117 389 3158 una
404 3096 525 3175 ducum,
541 3119 601 3181 quo
615 3118 784 3160 successore
798 3098 911 3179 sagitte

100 3193 238 3256 Herculis
253 3206 384 3269 utuntur,
399 3193 507 3256 sractus
522 3197 684 3279 morboque
699 3195 848 3280 fameque,

101 3291 285 3376 Velaturque
301 3291 444 3375 aliturque
459 3292 561 3354 avibus
571 3316 580 3369 3
603 3295 797 3387 volucresque
819 3293 951 3378 petendo

101 3389 214 3453 Debita
227 3389 363 3476 Trojanis
379 3403 500 3452 exercet
514 3390 628 3474 spicula
642 3389 717 3454 latis.

102 3486 156 3550 Ille
172 3501 273 3550 tamen
288 3487 372 3564 vivit,
388 3487 529 3570 quianon
543 3488 694 3552 comitavit
709 3488 864 3573 Ulyssem.
1040 3492 1085 3554 55
