2356 4110
451 352 560 400 einen
582 352 639 398 xv.
968 348 1028 407 147

45 500 219 586 Tyndaris:
243 513 276 562 et
290 521 402 577 secum,
416 521 470 563 our
483 501 521 562 sit
534 499 578 562 bis
593 513 687 582 rapte,
701 501 831 585 requirit.

48 599 187 683 Tempus
203 599 285 663 edax
299 619 408 675 rerum,
424 613 527 681 tuque,
541 598 683 663 invidiosa
698 612 841 678 nemetes,
970 603 1030 664 170

54 696 160 761 Omnia
174 696 341 760 destruitis:
366 696 524 779 vitiataque
540 696 676 758 dentibus
692 697 746 759 aevi

55 793 202 857 Paulatim
216 792 299 856 lenti
312 793 483 855 consumitis
498 793 597 854 omnia
612 807 717 856 morte.

92 891 142 954 Ne
158 905 261 955 temen
275 891 373 953 oblitis
386 889 424 952 nd
437 904 549 952 metam
563 890 684 953 tendere
699 891 787 973 lenge

60 988 266 1072 Exspatiemur
279 989 381 1072 equis3
402 988 523 1065 coelum,
539 1001 570 1050 et
584 988 781 1072 quodcunque
796 989 854 1051 sub
866 989 919 1051 illo
930 1003 986 1068 est,

61 1084 194 1149 lmmutat
210 1086 327 1164 sennes,
342 1087 499 1169 tellusque,
514 1100 544 1148 et
560 1086 698 1170 quicquid
714 1087 743 1148 in
758 1087 810 1149 illt
823 1100 879 1150 est.
968 1093 1030 1152 175

62 1181 116 1246 Nos
132 1205 252 1268 quoque
267 1206 334 1268 pars
349 1183 462 1262 mundi,
480 1183 633 1270 (quoniam
649 1207 708 1246 non
723 1207 847 1269 corpora
860 1185 966 1264 sellim,

63 1279 168 1344 Verlun
183 1283 272 1345 etiam
288 1284 423 1345 volucres
438 1283 540 1344 anime
556 1304 668 1359 sumus
683 1283 772 1366 inquo
786 1283 896 1347 serires>

63 1377 216 1442 Possumus
230 1381 273 1444 ire
286 1381 401 1458 domos,
416 1381 624 1464 pecudumque
639 1381 669 1443 in
683 1396 805 1464 pectora
818 1379 933 1468 condi,)

10 1518 12 1524 ·
63 1475 199 1561 Corpora,
215 1501 278 1562 quae
295 1479 407 1561 possint
421 1479 533 1541 animas
547 1479 683 1541 habuisse
698 1495 864 1562 parentum,

10 1560 12 1588 ÷
63 1575 117 1637 Aut
131 1575 262 1654 flatrum,
278 1590 329 1638 aut
342 1577 440 1660 aliquo
450 1576 622 1661 junctorum
636 1575 749 1640 foedere
763 1579 857 1655 nobis,
968 1580 1030 1643 180

66 1671 118 1734 lut
133 1673 285 1735 hominum
299 1674 391 1753 certe,
408 1689 470 1736 tuta
485 1695 551 1737 esse
566 1688 595 1736 et
611 1675 735 1738 honesta
749 1676 894 1740 sinemus:

65 1767 141 1832 llere
155 1769 318 1854 Thyesteis
332 1772 518 1835 cumulemur
532 1773 644 1835 viscere
657 1774 777 1836 mensis,

64 1864 156 1938 Quom
172 1868 248 1929 male
264 1870 440 1947 consuescit,
456 1870 545 1953 quem
560 1891 592 1932 se
608 1884 690 1952 parat
704 1871 754 1933 ille
768 1873 864 1933 cruori

64 1960 166 2047 Impius
180 1965 320 2044 humano,
335 1967 422 2030 vituli
433 1968 483 2052 qui
498 1981 615 2049 gutture
629 1968 723 2028 cultro

10 2071 12 2095 ¹
64 2058 200 2145 Rumpit3
223 2076 256 2126 et
268 2063 404 2127 immotas
418 2065 531 2148 praebet
544 2065 702 2147 mugitibus
717 2065 819 2133 aures!
968 2067 1034 2130 185

62 2158 116 2221 Aut
131 2160 180 2243 qui
196 2162 309 2242 vagitus
324 2162 432 2224 similes
448 2163 607 2244 puerilibus
622 2163 740 2230 hedum

61 2252 203 2319 Edentem
213 2257 349 2342 jugulare
365 2273 479 2342 potest3
502 2275 553 2322 aut
567 2261 635 2323 alite
650 2262 742 2339 vesci,

59 2351 113 2417 Cui
126 2354 208 2417 dedit
225 2355 287 2438 ipse
302 2356 403 2420 cibos!
427 2371 569 2440 quantum
584 2371 638 2435 est,
654 2359 732 2441 quod
747 2359 823 2422 desit
837 2361 867 2422 in
881 2361 943 2423 istis

58 2450 103 2514 Ad
118 2452 239 2536 plenum
256 2452 384 2516 facinus!
408 2453 467 2537 qud
481 2454 618 2517 transitus
634 2456 704 2518 inde
722 2457 856 2540 paratur!

94 2547 158 2610 Bos
174 2563 247 2627 aret,
264 2564 313 2612 aut
328 2565 453 2613 mortem
468 2552 631 2615 senioribus
644 2554 770 2638 imputet
784 2555 884 2619 annis:
966 2556 1028 2618 190

55 2642 236 2709 Horriferum
250 2661 351 2711 contra
365 2647 485 2711 Borean
500 2650 563 2711 ovis
578 2672 658 2713 arma
672 2653 834 2716 ministret:

53 2740 153 2805 Ubera
167 2744 239 2807 dent
253 2758 359 2807 saturae
370 2746 505 2809 manibus
521 2749 679 2830 pressanda
693 2749 827 2832 capelle.

51 2838 139 2902 Retia
153 2863 224 2903 cum
239 2842 362 2925 pedicis,
376 2843 557 2929 laqueosque
573 2861 708 2929 artesque
725 2846 839 2908 dolosas

51 2935 178 3002 Tollite:
201 2961 259 3002 nec
275 2941 423 3003 volucrem
440 2942 551 3005 visenti
563 2941 654 3006 sallite
669 2942 769 3026 virgi:

50 3033 116 3098 Nec
132 3034 292 3099 formidatis
306 3060 409 3100 cervos
424 3039 563 3103 includite
578 3041 691 3125 pinnis:
967 3043 1027 3105 195

49 3129 78 3192 N
80 3154 116 3194 ec
130 3134 227 3197 celate
241 3135 314 3198 cibis
328 3158 420 3199 uncos
436 3135 587 3200 fallacibus
603 3139 716 3201 hamos.

48 3226 179 3308 Perdite,
191 3231 215 3293 si
227 3254 286 3316 qua
296 3247 403 3298 nocent
416 3256 423 3296 :
446 3235 549 3296 verbm
561 3236 625 3298 hec
637 3259 755 3322 quoque
771 3237 884 3320 perdite
899 3235 1024 3298 tannim.

48 3324 110 3389 Ora
125 3343 233 3393 vacent
249 3331 356 3413 epulis,
371 3331 568 3416 alimentaque
584 3355 713 3416 congrua
723 3331 896 3417 carpant.'”
