2356 4110
98 313 141 374 46
421 313 770 365 METAMORPHOSEON

98 468 144 532 Ut
160 468 251 553 jacuit
268 467 422 551 resupinus
437 466 530 542 humi,
545 463 838 542 cruoremicataltd,
1035 467 1080 529 50

99 567 170 629 Non
186 567 278 643 aliter,
294 566 382 650 quam
396 563 468 627 citm
482 563 583 626 vitiato
598 563 694 625 fistula
708 562 833 646 plumbo

99 665 257 741 Scinditur,
272 678 420 727 attenues
435 661 576 724 stridente
592 659 733 722 foramine
748 660 835 741 long&

100 762 272 846 Ejaculatur
286 783 394 846 aquas;
417 774 505 844 atque
519 759 623 822 ictibus
637 762 705 820 ae'ra
719 757 838 840 rumpit.

99 861 226 923 Arborei
240 859 328 923 soetus
343 859 515 942 adspergine
530 857 618 919 caedis
634 857 663 919 in
679 870 771 918 atram

101 958 265 1021 Vertuutur
278 958 402 1021 faciem:
426 955 649 1038 madefactaque
664 954 804 1036 sanguine
820 953 904 1016 radix
1034 956 1077 1018 55

100 1057 244 1120 Poeniceo
258 1058 364 1140 tinguit
379 1054 537 1140 pendentia
551 1075 633 1115 mora
647 1053 757 1115 colore.

143 1154 237 1232 Ecce,
253 1169 334 1218 metu
349 1153 480 1216 nondum
496 1152 601 1234 posito,
617 1172 655 1212 ne
670 1150 750 1212 sallat
765 1161 924 1226 amantem,

99 1251 155 1315 llla
169 1253 259 1314 redit:
280 1252 481 1335 juvenemque
496 1249 599 1325 oculiS,
615 1248 771 1331 animoque
786 1247 923 1331 requirit:

101 1349 282 1432 Quantaque
298 1347 394 1410 vitarit
409 1367 524 1408 narrare
541 1347 670 1429 pericula
685 1346 782 1428 gestit.

100 1447 203 1530 thue
218 1447 328 1523 locum,
343 1459 374 1508 et
389 1466 503 1508 versam
518 1445 656 1526 coguovit
671 1444 701 1506 in
716 1445 817 1506 arbore
834 1443 976 1522 sormam;
1034 1446 1078 1506 60

103 1544 168 1632 (Sic
182 1544 251 1607 sacit
265 1545 406 1606 incertam
421 1543 502 1626 pomi
516 1540 612 1628 color)
630 1543 729 1619 haeret,
746 1563 783 1604 an
797 1542 861 1605 haec
873 1542 920 1605 sit.

100 1643 184 1705 Dum
199 1644 320 1719 dubitat,
336 1641 529 1705 tremebunda
544 1641 624 1703 ridet
640 1640 756 1723 pulsare
770 1653 925 1703 cruentum

100 1740 238 1803 Membra
252 1742 357 1817 solum,
372 1753 508 1823 retroque
523 1739 631 1822 pedem
646 1739 728 1800 tulit:
751 1759 862 1822 oraque
875 1739 958 1800 buxo

99 1838 258 1901 Pallidiora
270 1860 388 1921 gerens,
403 1838 565 1914 exhorruit,
580 1837 702 1920 aequoris
719 1837 818 1913 instar,

100 1935 193 2009 Quod
207 1938 316 2014 tremit,
331 1937 440 2019 exigua
455 1936 523 1998 cum
538 1956 686 1997 summum
700 1934 849 2017 stringitur
863 1932 945 1997 auth.
1033 1935 1078 1997 65

17 2027 19 2032 ⁸
99 2034 161 2096 Sed
176 2049 332 2118 postquam
346 2047 490 2096 remorata
504 2054 572 2095 suos
587 2033 726 2114 coguovit
740 2052 854 2094 amores
862 2053 872 2110 ;

99 2131 233 2194 Percutit
247 2132 381 2212 indignos
395 2131 475 2193 claro
490 2132 630 2213 plangore
645 2131 786 2192 lacertos:

99 2228 141 2291 Et
155 2228 262 2290 laniata
275 2249 385 2304 comaS,
401 2228 599 2312 amplexaque
614 2249 721 2310 corpus
736 2240 878 2306 amatum,

100 2324 233 2388 Vulnera
247 2325 396 2409 supplevit
409 2326 558 2408 lacrymis,
572 2326 735 2410 fletumque
750 2326 846 2390 cruori

99 2421 237 2486 Miscuit:
261 2437 291 2485 et
305 2424 407 2505 gelidis
422 2423 452 2486 in
470 2424 597 2487 vultibus
612 2426 712 2487 oscula
726 2425 830 2507 figora,
1032 2428 1077 2490 'to

100 2521 269 2604 ‘Pyrame,'
285 2522 432 2598 clamavit,
449 2524 531 2605 ‘quis
545 2536 576 2585 te
590 2523 662 2584 mihi
676 2544 761 2585 casus
773 2521 904 2586 ademit?

98 2618 238 2702 Pyrame,
253 2620 410 2701 responde.
455 2619 524 2682 Tua
538 2633 578 2697 te,
593 2620 751 2698 carissime,
765 2620 880 2684 Thisbe

98 2715 256 2779 Nominat:
280 2716 399 2795 exaudi,
415 2718 572 2802 vultusque
587 2719 688 2782 attolle
701 2718 857 2803 jacentes.'

98 2814 148 2876 Ad
163 2837 271 2877 nomen
287 2814 415 2879 Thisbes
430 2818 541 2894 oculos,
553 2816 616 2902 jam
631 2831 724 2879 morte
740 2831 886 2899 gravatos,

97 2911 244 2994 Pyramus
260 2915 364 2992 erexit,
380 2915 501 3000 visaque
516 2916 678 2979 recondidit
692 2916 752 2978 illa.
1031 2918 1074 2980 75

98 3007 176 3080 Quae
192 3024 347 3092 postquam
364 3027 536 3096 vestemque
550 3036 633 3076 suam
648 3014 796 3095 cognovit,
812 3028 843 3077 ct
858 3035 929 3076 ense

99 3104 183 3167 Vidit
198 3106 271 3167 ebur
285 3129 429 3184 vacuum3
453 3110 539 3171 ‘Tua
554 3126 582 3173 te
598 3112 721 3188 manns,'
737 3112 840 3195 inquit,
856 3120 1016 3196 ‘amorque

97 3203 241 3280 Perdidit,
256 3203 369 3266 infelix.
414 3206 470 3268 Est
485 3222 515 3268 et
530 3208 601 3270 mihi
617 3208 695 3272 fortis
710 3210 740 3272 in
756 3233 848 3273 unum

98 3301 167 3365 Hoc
181 3325 301 3365 manus:
325 3317 369 3365 est
383 3318 414 3365 et
429 3325 526 3366 amor:
551 3306 630 3369 dabit
644 3309 692 3371 hic
707 3309 736 3370 in
752 3310 876 3372 vulnera
890 3308 978 3372 vires.

98 3397 264 3485 Persequar
278 3402 473 3465 exstinctum:
496 3403 606 3487 letique
621 3406 783 3468 miserrima
797 3407 877 3469 dicar
1031 3408 1075 3472 80

99 3498 209 3575 Causa,
225 3522 385 3586 comesque
400 3501 459 3564 tui:
483 3501 592 3585 quique
606 3524 624 3564 a
637 3526 687 3567 me
701 3518 795 3568 morte
810 3505 913 3568 revelli
