<?xml version="1.0" encoding="UTF-8"?>
<!DOCTYPE html PUBLIC "-//W3C//DTD XHTML 1.0 Transitional//EN"
    "http://www.w3.org/TR/xhtml1/DTD/xhtml1-transitional.dtd">
<html xmlns="http://www.w3.org/1999/xhtml" xml:lang="en" lang="en">
 <head>
  <title>
</title>
<meta http-equiv="Content-Type" content="text/html;charset=utf-8" />
  <meta name='ocr-system' content='tesseract 3.04.00' />
  <meta name='ocr-capabilities' content='ocr_page ocr_carea ocr_par ocr_line ocrx_word'/>
</head>
<body>
  <div class='ocr_page' id='page_1' title='image "./excerptaexscrip00ovidgoog_0176.png"; bbox 0 0 2356 4110; ppageno 0'>
   <div class='ocr_carea' id='block_1_1' title="bbox 418 342 677 395">
    <p class='ocr_par' dir='ltr' id='par_1_1' title="bbox 418 342 677 395">
     <span class='ocr_line' id='line_1_1' title="bbox 418 342 677 395; baseline 0.004 -2"><span class='ocrx_word' id='word_1_1' title='bbox 418 343 593 393; x_wconf 71' lang='lat' dir='ltr'>urlsrona</span> <span class='ocrx_word' id='word_1_2' title='bbox 618 342 677 395; x_wconf 82' lang='lat' dir='ltr'>VII.</span> 
     </span>
    </p>
   </div>
   <div class='ocr_carea' id='block_1_2' title="bbox 56 493 847 579">
    <p class='ocr_par' dir='ltr' id='par_1_2' title="bbox 56 493 847 579">
     <span class='ocr_line' id='line_1_2' title="bbox 56 493 847 579; baseline 0.003 -23"><span class='ocrx_word' id='word_1_3' title='bbox 56 493 143 570; x_wconf 86' lang='lat' dir='ltr'>Quid</span> <span class='ocrx_word' id='word_1_4' title='bbox 159 514 234 578; x_wconf 90' lang='lat' dir='ltr'>puer</span> <span class='ocrx_word' id='word_1_5' title='bbox 248 493 406 571; x_wconf 86' lang='lat' dir='ltr'>Ascanius,</span> <span class='ocrx_word' id='word_1_6' title='bbox 421 494 492 578; x_wconf 91' lang='lat' dir='ltr'>quid</span> <span class='ocrx_word' id='word_1_7' title='bbox 505 493 538 556; x_wconf 85' lang='lat' dir='ltr'>di</span> <span class='ocrx_word' id='word_1_8' title='bbox 552 495 687 558; x_wconf 65' lang='lat' dir='ltr'>meruere</span> <span class='ocrx_word' id='word_1_9' title='bbox 702 496 847 579; x_wconf 76' lang='lat' dir='ltr'>penates?</span> 
     </span>
    </p>
   </div>
   <div class='ocr_carea' id='block_1_3' title="bbox 56 592 1036 3608">
    <p class='ocr_par' dir='ltr' id='par_1_3' title="bbox 56 592 1036 3608">
     <span class='ocr_line' id='line_1_3' title="bbox 100 592 663 675; baseline 0.002 -21"><span class='ocrx_word' id='word_1_10' title='bbox 100 592 222 675; x_wconf 86' lang='lat' dir='ltr'>Ignibus</span> <span class='ocrx_word' id='word_1_11' title='bbox 237 605 355 675; x_wconf 89' lang='lat' dir='ltr'>ereptus</span> <span class='ocrx_word' id='word_1_12' title='bbox 369 592 472 654; x_wconf 85' lang='lat' dir='ltr'>obruet</span> <span class='ocrx_word' id='word_1_13' title='bbox 487 592 566 654; x_wconf 86' lang='lat' dir='ltr'>undu</span> <span class='ocrx_word' id='word_1_14' title='bbox 581 593 663 655; x_wconf 88' lang='lat' dir='ltr'>deos.</span> 
     </span>
     <span class='ocr_line' id='line_1_4' title="bbox 58 688 960 776; baseline 0.003 -24"><span class='ocrx_word' id='word_1_15' title='bbox 58 690 122 752; x_wconf 89' lang='lat' dir='ltr'>Sed</span> <span class='ocrx_word' id='word_1_16' title='bbox 136 711 234 774; x_wconf 90' lang='lat' dir='ltr'>neque</span> <span class='ocrx_word' id='word_1_17' title='bbox 250 688 307 752; x_wconf 91' lang='lat' dir='ltr'>sers</span> <span class='ocrx_word' id='word_1_18' title='bbox 322 702 437 752; x_wconf 88' lang='lat' dir='ltr'>tecum:</span> <span class='ocrx_word' id='word_1_19' title='bbox 460 709 528 766; x_wconf 87' lang='lat' dir='ltr'>uec,</span> <span class='ocrx_word' id='word_1_20' title='bbox 544 711 608 773; x_wconf 79' lang='lat' dir='ltr'>qun</span> <span class='ocrx_word' id='word_1_21' title='bbox 623 690 705 768; x_wconf 88' lang='lat' dir='ltr'>mibi,</span> <span class='ocrx_word' id='word_1_22' title='bbox 722 691 844 774; x_wconf 85' lang='lat' dir='ltr'>perfide,</span> <span class='ocrx_word' id='word_1_23' title='bbox 854 689 960 776; x_wconf 74' lang='lat' dir='ltr'>jactas,</span> 
     </span>
     <span class='ocr_line' id='line_1_5' title="bbox 102 781 776 872; baseline 0.001 -22"><span class='ocrx_word' id='word_1_24' title='bbox 102 786 280 850; x_wconf 85' lang='lat' dir='ltr'>Presserunt</span> <span class='ocrx_word' id='word_1_25' title='bbox 295 787 432 848; x_wconf 88' lang='lat' dir='ltr'>humeros</span> <span class='ocrx_word' id='word_1_26' title='bbox 447 808 528 849; x_wconf 82' lang='lat' dir='ltr'>sacra</span> <span class='ocrx_word' id='word_1_27' title='bbox 543 781 684 872; x_wconf 84' lang='lat' dir='ltr'>paterque</span> <span class='ocrx_word' id='word_1_28' title='bbox 701 802 776 851; x_wconf 88' lang='lat' dir='ltr'>tuus.</span> 
     </span>
     <span class='ocr_line' id='line_1_6' title="bbox 59 884 1036 969; baseline -0.001 -21"><span class='ocrx_word' id='word_1_29' title='bbox 59 885 172 948; x_wconf 88' lang='lat' dir='ltr'>Omnia</span> <span class='ocrx_word' id='word_1_30' title='bbox 186 885 333 948; x_wconf 88' lang='lat' dir='ltr'>mentiris:</span> <span class='ocrx_word' id='word_1_31' title='bbox 356 905 412 946; x_wconf 86' lang='lat' dir='ltr'>nec</span> <span class='ocrx_word' id='word_1_32' title='bbox 426 884 507 947; x_wconf 86' lang='lat' dir='ltr'>enim</span> <span class='ocrx_word' id='word_1_33' title='bbox 521 898 572 947; x_wconf 91' lang='lat' dir='ltr'>tua</span> <span class='ocrx_word' id='word_1_34' title='bbox 587 884 687 947; x_wconf 80' lang='lat' dir='ltr'>fallere</span> <span class='ocrx_word' id='word_1_35' title='bbox 702 886 801 969; x_wconf 86' lang='lat' dir='ltr'>lingua</span> <span class='ocrx_word' id='word_1_36' title='bbox 991 887 1036 948; x_wconf 73' lang='lat'>75</span> 
     </span>
     <span class='ocr_line' id='line_1_7' title="bbox 103 982 743 1066; baseline 0.003 -22"><span class='ocrx_word' id='word_1_37' title='bbox 103 982 211 1066; x_wconf 83' lang='lat' dir='ltr'>Incipit</span> <span class='ocrx_word' id='word_1_38' title='bbox 226 1005 244 1045; x_wconf 88' lang='lat' dir='ltr'>a</span> <span class='ocrx_word' id='word_1_39' title='bbox 257 983 359 1059; x_wconf 85' lang='lat' dir='ltr'>nobis3</span> <span class='ocrx_word' id='word_1_40' title='bbox 381 982 532 1066; x_wconf 75' lang='lat' dir='ltr'>prunaque</span> <span class='ocrx_word' id='word_1_41' title='bbox 548 983 663 1065; x_wconf 86' lang='lat' dir='ltr'>plector</span> <span class='ocrx_word' id='word_1_42' title='bbox 677 1005 743 1066; x_wconf 85' lang='lat' dir='ltr'>ego.</span> 
     </span>
     <span class='ocr_line' id='line_1_8' title="bbox 60 1079 669 1165; baseline 0 -21"><span class='ocrx_word' id='word_1_43' title='bbox 60 1081 92 1144; x_wconf 90' lang='lat' dir='ltr'>Si</span> <span class='ocrx_word' id='word_1_44' title='bbox 110 1103 229 1165; x_wconf 84' lang='lat' dir='ltr'>quaeras,</span> <span class='ocrx_word' id='word_1_45' title='bbox 245 1080 294 1142; x_wconf 88' lang='lat' dir='ltr'>ubi</span> <span class='ocrx_word' id='word_1_46' title='bbox 309 1080 346 1143; x_wconf 92' lang='lat' dir='ltr'>sit</span> <span class='ocrx_word' id='word_1_47' title='bbox 355 1079 473 1142; x_wconf 80' lang='lat' dir='ltr'>formosi</span> <span class='ocrx_word' id='word_1_48' title='bbox 489 1093 583 1143; x_wconf 89' lang='lat' dir='ltr'>mater</span> <span class='ocrx_word' id='word_1_49' title='bbox 596 1079 669 1144; x_wconf 79' lang='lat' dir='ltr'>Iuli:</span> 
     </span>
     <span class='ocr_line' id='line_1_9' title="bbox 103 1177 632 1255; baseline -0.002 -14"><span class='ocrx_word' id='word_1_50' title='bbox 103 1177 232 1255; x_wconf 90' lang='lat' dir='ltr'>Occidit,</span> <span class='ocrx_word' id='word_1_51' title='bbox 249 1200 265 1240; x_wconf 90' lang='lat' dir='ltr'>a</span> <span class='ocrx_word' id='word_1_52' title='bbox 281 1179 354 1240; x_wconf 91' lang='lat' dir='ltr'>duro</span> <span class='ocrx_word' id='word_1_53' title='bbox 368 1179 430 1240; x_wconf 82' lang='lat' dir='ltr'>sola</span> <span class='ocrx_word' id='word_1_54' title='bbox 443 1178 545 1240; x_wconf 87' lang='lat' dir='ltr'>relicta</span> <span class='ocrx_word' id='word_1_55' title='bbox 560 1179 632 1240; x_wconf 86' lang='lat' dir='ltr'>viro.</span> 
     </span>
     <span class='ocr_line' id='line_1_10' title="bbox 62 1276 981 1360; baseline -0.001 -21"><span class='ocrx_word' id='word_1_56' title='bbox 62 1276 128 1339; x_wconf 89' lang='lat' dir='ltr'>Nec</span> <span class='ocrx_word' id='word_1_57' title='bbox 143 1276 215 1339; x_wconf 92' lang='lat' dir='ltr'>mihi</span> <span class='ocrx_word' id='word_1_58' title='bbox 229 1298 312 1339; x_wconf 88' lang='lat' dir='ltr'>meus</span> <span class='ocrx_word' id='word_1_59' title='bbox 326 1276 416 1338; x_wconf 87' lang='lat' dir='ltr'>dubia</span> <span class='ocrx_word' id='word_1_60' title='bbox 430 1290 485 1353; x_wconf 90' lang='lat' dir='ltr'>est,</span> <span class='ocrx_word' id='word_1_61' title='bbox 500 1277 570 1360; x_wconf 87' lang='lat' dir='ltr'>quin</span> <span class='ocrx_word' id='word_1_62' title='bbox 585 1290 615 1338; x_wconf 85' lang='lat' dir='ltr'>te</span> <span class='ocrx_word' id='word_1_63' title='bbox 630 1289 681 1339; x_wconf 87' lang='lat' dir='ltr'>tua</span> <span class='ocrx_word' id='word_1_64' title='bbox 694 1277 814 1339; x_wconf 79' lang='lat' dir='ltr'>numius</span> <span class='ocrx_word' id='word_1_65' title='bbox 829 1278 981 1341; x_wconf 78' lang='lat' dir='ltr'>damnent.</span> 
     </span>
     <span class='ocr_line' id='line_1_11' title="bbox 102 1373 1036 1460; baseline 0.004 -24"><span class='ocrx_word' id='word_1_66' title='bbox 102 1373 165 1437; x_wconf 89' lang='lat' dir='ltr'>Per</span> <span class='ocrx_word' id='word_1_67' title='bbox 179 1396 269 1452; x_wconf 88' lang='lat' dir='ltr'>mare,</span> <span class='ocrx_word' id='word_1_68' title='bbox 285 1397 338 1459; x_wconf 90' lang='lat' dir='ltr'>per</span> <span class='ocrx_word' id='word_1_69' title='bbox 352 1389 442 1438; x_wconf 87' lang='lat' dir='ltr'>terras</span> <span class='ocrx_word' id='word_1_70' title='bbox 456 1375 582 1458; x_wconf 88' lang='lat' dir='ltr'>septima</span> <span class='ocrx_word' id='word_1_71' title='bbox 592 1374 686 1460; x_wconf 83' lang='lat' dir='ltr'>jactat</span> <span class='ocrx_word' id='word_1_72' title='bbox 699 1376 806 1438; x_wconf 86' lang='lat' dir='ltr'>biems.</span> <span class='ocrx_word' id='word_1_73' title='bbox 992 1376 1036 1440; x_wconf 80' lang='lat'>80</span> 
     </span>
     <span class='ocr_line' id='line_1_12' title="bbox 59 1472 826 1556; baseline 0.004 -22"><span class='ocrx_word' id='word_1_74' title='bbox 59 1473 142 1534; x_wconf 91' lang='lat' dir='ltr'>Diva</span> <span class='ocrx_word' id='word_1_75' title='bbox 159 1494 274 1556; x_wconf 80' lang='lat' dir='ltr'>pareus,</span> <span class='ocrx_word' id='word_1_76' title='bbox 289 1472 444 1556; x_wconf 82' lang='lat' dir='ltr'>seniorque</span> <span class='ocrx_word' id='word_1_77' title='bbox 458 1487 552 1556; x_wconf 85' lang='lat' dir='ltr'>pater,</span> <span class='ocrx_word' id='word_1_78' title='bbox 567 1472 616 1556; x_wconf 89' lang='lat' dir='ltr'>pia</span> <span class='ocrx_word' id='word_1_79' title='bbox 629 1473 741 1535; x_wconf 82' lang='lat' dir='ltr'>sarcina</span> <span class='ocrx_word' id='word_1_80' title='bbox 755 1474 826 1553; x_wconf 87' lang='lat' dir='ltr'>nati,</span> 
     </span>
     <span class='ocr_line' id='line_1_13' title="bbox 104 1569 699 1654; baseline 0 -22"><span class='ocrx_word' id='word_1_81' title='bbox 104 1571 197 1654; x_wconf 90' lang='lat' dir='ltr'>Spem</span> <span class='ocrx_word' id='word_1_82' title='bbox 213 1569 284 1632; x_wconf 91' lang='lat' dir='ltr'>mihi</span> <span class='ocrx_word' id='word_1_83' title='bbox 299 1570 426 1633; x_wconf 80' lang='lat' dir='ltr'>mansuri</span> <span class='ocrx_word' id='word_1_84' title='bbox 440 1570 495 1632; x_wconf 73' lang='lat' dir='ltr'>rite</span> <span class='ocrx_word' id='word_1_85' title='bbox 510 1570 620 1632; x_wconf 69' lang='lat' dir='ltr'>dedere</span> <span class='ocrx_word' id='word_1_86' title='bbox 636 1570 699 1632; x_wconf 82' lang='lat' dir='ltr'>viri.</span> 
     </span>
     <span class='ocr_line' id='line_1_14' title="bbox 58 1668 831 1746; baseline 0.003 -16"><span class='ocrx_word' id='word_1_87' title='bbox 58 1669 92 1731; x_wconf 91' lang='lat' dir='ltr'>Si</span> <span class='ocrx_word' id='word_1_88' title='bbox 106 1668 163 1730; x_wconf 80' lang='lat' dir='ltr'>suit</span> <span class='ocrx_word' id='word_1_89' title='bbox 178 1669 343 1746; x_wconf 85' lang='lat' dir='ltr'>errandum,</span> <span class='ocrx_word' id='word_1_90' title='bbox 357 1689 461 1731; x_wconf 92' lang='lat' dir='ltr'>causas</span> <span class='ocrx_word' id='word_1_91' title='bbox 477 1668 566 1730; x_wconf 85' lang='lat' dir='ltr'>habet</span> <span class='ocrx_word' id='word_1_92' title='bbox 580 1688 661 1730; x_wconf 87' lang='lat' dir='ltr'>error</span> <span class='ocrx_word' id='word_1_93' title='bbox 674 1669 831 1732; x_wconf 74' lang='lat' dir='ltr'>honestas:</span> 
     </span>
     <span class='ocr_line' id='line_1_15' title="bbox 103 1765 754 1850; baseline 0.003 -23"><span class='ocrx_word' id='word_1_94' title='bbox 103 1766 193 1828; x_wconf 85' lang='lat' dir='ltr'>Adde</span> <span class='ocrx_word' id='word_1_95' title='bbox 209 1765 314 1843; x_wconf 87' lang='lat' dir='ltr'>fidem;</span> <span class='ocrx_word' id='word_1_96' title='bbox 337 1766 418 1828; x_wconf 70' lang='lat' dir='ltr'>nullb</span> <span class='ocrx_word' id='word_1_97' title='bbox 432 1780 515 1850; x_wconf 78' lang='lat' dir='ltr'>parte</span> <span class='ocrx_word' id='word_1_98' title='bbox 530 1766 675 1850; x_wconf 84' lang='lat' dir='ltr'>pigendus</span> <span class='ocrx_word' id='word_1_99' title='bbox 689 1767 754 1829; x_wconf 83' lang='lat' dir='ltr'>erit.</span> 
     </span>
     <span class='ocr_line' id='line_1_16' title="bbox 58 1863 1034 1948; baseline 0.005 -23"><span class='ocrx_word' id='word_1_100' title='bbox 58 1864 160 1925; x_wconf 85' lang='lat' dir='ltr'>Durat</span> <span class='ocrx_word' id='word_1_101' title='bbox 174 1863 202 1924; x_wconf 88' lang='lat' dir='ltr'>iu</span> <span class='ocrx_word' id='word_1_102' title='bbox 219 1877 395 1940; x_wconf 86' lang='lat' dir='ltr'>extremum,</span> <span class='ocrx_word' id='word_1_103' title='bbox 413 1864 536 1948; x_wconf 76' lang='lat' dir='ltr'>viteque</span> <span class='ocrx_word' id='word_1_104' title='bbox 551 1864 709 1927; x_wconf 82' lang='lat' dir='ltr'>novissima</span> <span class='ocrx_word' id='word_1_105' title='bbox 723 1876 827 1928; x_wconf 80' lang='lat' dir='ltr'>nostru</span> <span class='ocrx_word' id='word_1_106' title='bbox 990 1867 1034 1930; x_wconf 75' lang='lat'>85</span> 
     </span>
     <span class='ocr_line' id='line_1_17' title="bbox 103 1959 708 2045; baseline 0.003 -24"><span class='ocrx_word' id='word_1_107' title='bbox 103 1959 295 2044; x_wconf 82' lang='lat' dir='ltr'>Persequitur</span> <span class='ocrx_word' id='word_1_108' title='bbox 310 1959 371 2037; x_wconf 88' lang='lat' dir='ltr'>sati,</span> <span class='ocrx_word' id='word_1_109' title='bbox 385 1962 436 2045; x_wconf 88' lang='lat' dir='ltr'>qui</span> <span class='ocrx_word' id='word_1_110' title='bbox 452 1961 505 2024; x_wconf 79' lang='lat' dir='ltr'>fuit</span> <span class='ocrx_word' id='word_1_111' title='bbox 520 1962 599 2040; x_wconf 71' lang='lat' dir='ltr'>ante,</span> <span class='ocrx_word' id='word_1_112' title='bbox 613 1975 708 2025; x_wconf 89' lang='lat' dir='ltr'>tenor.</span> 
     </span>
     <span class='ocr_line' id='line_1_18' title="bbox 56 2058 752 2143; baseline 0.004 -23"><span class='ocrx_word' id='word_1_113' title='bbox 56 2058 180 2120; x_wconf 88' lang='lat' dir='ltr'>Occidit</span> <span class='ocrx_word' id='word_1_114' title='bbox 194 2058 320 2120; x_wconf 87' lang='lat' dir='ltr'>internas</span> <span class='ocrx_word' id='word_1_115' title='bbox 335 2058 446 2143; x_wconf 88' lang='lat' dir='ltr'>conjux</span> <span class='ocrx_word' id='word_1_116' title='bbox 460 2072 605 2121; x_wconf 86' lang='lat' dir='ltr'>mactatus</span> <span class='ocrx_word' id='word_1_117' title='bbox 620 2060 656 2122; x_wconf 88' lang='lat' dir='ltr'>ad</span> <span class='ocrx_word' id='word_1_118' title='bbox 670 2078 752 2123; x_wconf 83' lang='lat' dir='ltr'>aras:</span> 
     </span>
     <span class='ocr_line' id='line_1_19' title="bbox 102 2153 714 2239; baseline 0.007 -23"><span class='ocrx_word' id='word_1_119' title='bbox 102 2153 145 2217; x_wconf 71' lang='lat' dir='ltr'>Et</span> <span class='ocrx_word' id='word_1_120' title='bbox 160 2156 278 2217; x_wconf 88' lang='lat' dir='ltr'>sceleris</span> <span class='ocrx_word' id='word_1_121' title='bbox 291 2155 364 2218; x_wconf 80' lang='lat' dir='ltr'>tanti</span> <span class='ocrx_word' id='word_1_122' title='bbox 378 2156 497 2239; x_wconf 81' lang='lat' dir='ltr'>praemia</span> <span class='ocrx_word' id='word_1_123' title='bbox 511 2155 600 2218; x_wconf 84' lang='lat' dir='ltr'>frater</span> <span class='ocrx_word' id='word_1_124' title='bbox 613 2157 714 2220; x_wconf 83' lang='lat' dir='ltr'>habet.</span> 
     </span>
     <span class='ocr_line' id='line_1_20' title="bbox 59 2252 896 2341; baseline 0.008 -27"><span class='ocrx_word' id='word_1_125' title='bbox 59 2252 157 2314; x_wconf 86' lang='lat' dir='ltr'>Exsul</span> <span class='ocrx_word' id='word_1_126' title='bbox 172 2274 259 2336; x_wconf 85' lang='lat' dir='ltr'>agor3</span> <span class='ocrx_word' id='word_1_127' title='bbox 281 2253 453 2339; x_wconf 83' lang='lat' dir='ltr'>cineresque</span> <span class='ocrx_word' id='word_1_128' title='bbox 468 2254 532 2332; x_wconf 88' lang='lat' dir='ltr'>viri,</span> <span class='ocrx_word' id='word_1_129' title='bbox 547 2255 729 2341; x_wconf 80' lang='lat' dir='ltr'>patriamque</span> <span class='ocrx_word' id='word_1_130' title='bbox 745 2256 896 2341; x_wconf 86' lang='lat' dir='ltr'>relinquo:</span> 
     </span>
     <span class='ocr_line' id='line_1_21' title="bbox 102 2350 1035 2436; baseline 0.009 -24"><span class='ocrx_word' id='word_1_131' title='bbox 102 2350 144 2414; x_wconf 88' lang='lat' dir='ltr'>Et</span> <span class='ocrx_word' id='word_1_132' title='bbox 159 2351 235 2414; x_wconf 88' lang='lat' dir='ltr'>seror</span> <span class='ocrx_word' id='word_1_133' title='bbox 249 2351 277 2413; x_wconf 92' lang='lat' dir='ltr'>in</span> <span class='ocrx_word' id='word_1_134' title='bbox 294 2352 389 2429; x_wconf 85' lang='lat' dir='ltr'>duras,</span> <span class='ocrx_word' id='word_1_135' title='bbox 405 2353 489 2415; x_wconf 91' lang='lat' dir='ltr'>hoste</span> <span class='ocrx_word' id='word_1_136' title='bbox 504 2367 659 2436; x_wconf 85' lang='lat' dir='ltr'>sequente,</span> <span class='ocrx_word' id='word_1_137' title='bbox 675 2353 746 2416; x_wconf 84' lang='lat' dir='ltr'>rias.</span> <span class='ocrx_word' id='word_1_138' title='bbox 992 2356 1035 2420; x_wconf 90' lang='grc'>90</span> 
     </span>
     <span class='ocr_line' id='line_1_22' title="bbox 58 2448 777 2536; baseline 0.007 -27"><span class='ocrx_word' id='word_1_139' title='bbox 58 2448 206 2531; x_wconf 88' lang='lat' dir='ltr'>Applicor</span> <span class='ocrx_word' id='word_1_140' title='bbox 218 2448 340 2530; x_wconf 83' lang='lat' dir='ltr'>ignotis:</span> <span class='ocrx_word' id='word_1_141' title='bbox 363 2448 502 2533; x_wconf 78' lang='lat' dir='ltr'>fratrique</span> <span class='ocrx_word' id='word_1_142' title='bbox 517 2451 618 2534; x_wconf 86' lang='lat' dir='ltr'>elapsa</span> <span class='ocrx_word' id='word_1_143' title='bbox 630 2449 777 2536; x_wconf 86' lang='lat' dir='ltr'>fretoque,</span> 
     </span>
     <span class='ocr_line' id='line_1_23' title="bbox 101 2543 718 2630; baseline 0.01 -24"><span class='ocrx_word' id='word_1_144' title='bbox 101 2543 194 2617; x_wconf 86' lang='lat' dir='ltr'>Quod</span> <span class='ocrx_word' id='word_1_145' title='bbox 210 2546 262 2609; x_wconf 89' lang='lat' dir='ltr'>tibi</span> <span class='ocrx_word' id='word_1_146' title='bbox 277 2547 393 2623; x_wconf 88' lang='lat' dir='ltr'>donavi,</span> <span class='ocrx_word' id='word_1_147' title='bbox 409 2547 529 2630; x_wconf 89' lang='lat' dir='ltr'>perfide,</span> <span class='ocrx_word' id='word_1_148' title='bbox 545 2548 625 2611; x_wconf 86' lang='lat' dir='ltr'>littus</span> <span class='ocrx_word' id='word_1_149' title='bbox 640 2569 718 2612; x_wconf 91' lang='lat' dir='ltr'>emo.</span> 
     </span>
     <span class='ocr_line' id='line_1_24' title="bbox 58 2640 694 2728; baseline 0.011 -25"><span class='ocrx_word' id='word_1_150' title='bbox 58 2640 172 2704; x_wconf 82' lang='lat' dir='ltr'>Urbem</span> <span class='ocrx_word' id='word_1_151' title='bbox 187 2644 342 2721; x_wconf 87' lang='lat' dir='ltr'>constitui;</span> <span class='ocrx_word' id='word_1_152' title='bbox 364 2644 482 2728; x_wconf 69' lang='lat' dir='ltr'>lateque</span> <span class='ocrx_word' id='word_1_153' title='bbox 497 2647 629 2728; x_wconf 87' lang='lat' dir='ltr'>patentia</span> <span class='ocrx_word' id='word_1_154' title='bbox 642 2646 694 2710; x_wconf 81' lang='lat' dir='ltr'>fixi</span> 
     </span>
     <span class='ocr_line' id='line_1_25' title="bbox 101 2738 623 2817; baseline 0.011 -16"><span class='ocrx_word' id='word_1_155' title='bbox 101 2738 229 2817; x_wconf 89' lang='lat' dir='ltr'>Moenia,</span> <span class='ocrx_word' id='word_1_156' title='bbox 243 2741 370 2804; x_wconf 86' lang='lat' dir='ltr'>finitimis</span> <span class='ocrx_word' id='word_1_157' title='bbox 385 2742 526 2805; x_wconf 88' lang='lat' dir='ltr'>invidiosa</span> <span class='ocrx_word' id='word_1_158' title='bbox 540 2744 623 2807; x_wconf 85' lang='lat' dir='ltr'>locis.</span> 
     </span>
     <span class='ocr_line' id='line_1_26' title="bbox 57 2837 1034 2924; baseline 0.009 -26"><span class='ocrx_word' id='word_1_159' title='bbox 57 2837 145 2900; x_wconf 85' lang='lat' dir='ltr'>Bella</span> <span class='ocrx_word' id='word_1_160' title='bbox 159 2851 293 2902; x_wconf 90' lang='lat' dir='ltr'>tument:</span> <span class='ocrx_word' id='word_1_161' title='bbox 316 2839 401 2903; x_wconf 85' lang='lat' dir='ltr'>bellis</span> <span class='ocrx_word' id='word_1_162' title='bbox 416 2841 570 2924; x_wconf 84' lang='lat' dir='ltr'>peregrina</span> <span class='ocrx_word' id='word_1_163' title='bbox 583 2856 614 2904; x_wconf 89' lang='lat' dir='ltr'>et</span> <span class='ocrx_word' id='word_1_164' title='bbox 627 2841 749 2904; x_wconf 83' lang='lat' dir='ltr'>foemina</span> <span class='ocrx_word' id='word_1_165' title='bbox 763 2853 875 2904; x_wconf 81' lang='lat' dir='ltr'>tentor:</span> <span class='ocrx_word' id='word_1_166' title='bbox 991 2845 1034 2907; x_wconf 84' lang='lat'>95</span> 
     </span>
     <span class='ocr_line' id='line_1_27' title="bbox 101 2934 792 3022; baseline 0.007 -26"><span class='ocrx_word' id='word_1_167' title='bbox 101 2934 224 3020; x_wconf 84' lang='lat' dir='ltr'>Vixque</span> <span class='ocrx_word' id='word_1_168' title='bbox 240 2936 327 2998; x_wconf 91' lang='lat' dir='ltr'>rudes</span> <span class='ocrx_word' id='word_1_169' title='bbox 343 2953 440 3020; x_wconf 86' lang='lat' dir='ltr'>portas</span> <span class='ocrx_word' id='word_1_170' title='bbox 455 2940 543 3017; x_wconf 89' lang='lat' dir='ltr'>urbis,</span> <span class='ocrx_word' id='word_1_171' title='bbox 557 2954 589 3002; x_wconf 92' lang='lat' dir='ltr'>et</span> <span class='ocrx_word' id='word_1_172' title='bbox 603 2961 693 3015; x_wconf 86' lang='lat' dir='ltr'>arma,</span> <span class='ocrx_word' id='word_1_173' title='bbox 709 2960 792 3022; x_wconf 90' lang='lat' dir='ltr'>paro.</span> 
     </span>
     <span class='ocr_line' id='line_1_28' title="bbox 58 3032 829 3122; baseline 0.009 -28"><span class='ocrx_word' id='word_1_174' title='bbox 58 3032 143 3095; x_wconf 83' lang='lat' dir='ltr'>Mille</span> <span class='ocrx_word' id='word_1_175' title='bbox 159 3034 256 3116; x_wconf 88' lang='lat' dir='ltr'>procis</span> <span class='ocrx_word' id='word_1_176' title='bbox 271 3034 386 3117; x_wconf 87' lang='lat' dir='ltr'>placui:</span> <span class='ocrx_word' id='word_1_177' title='bbox 410 3037 459 3120; x_wconf 95' lang='lat' dir='ltr'>qui</span> <span class='ocrx_word' id='word_1_178' title='bbox 473 3059 522 3100; x_wconf 92' lang='lat' dir='ltr'>me</span> <span class='ocrx_word' id='word_1_179' title='bbox 536 3038 647 3114; x_wconf 65' lang='lat' dir='ltr'>coiere,</span> <span class='ocrx_word' id='word_1_180' title='bbox 662 3051 829 3122; x_wconf 86' lang='lat' dir='ltr'>querentes,</span> 
     </span>
     <span class='ocr_line' id='line_1_29' title="bbox 100 3129 758 3218; baseline 0.009 -26"><span class='ocrx_word' id='word_1_181' title='bbox 100 3129 212 3194; x_wconf 85' lang='lat' dir='ltr'>Nescio</span> <span class='ocrx_word' id='word_1_182' title='bbox 228 3154 316 3215; x_wconf 87' lang='lat' dir='ltr'>quern</span> <span class='ocrx_word' id='word_1_183' title='bbox 331 3134 466 3196; x_wconf 80' lang='lat' dir='ltr'>thalamis</span> <span class='ocrx_word' id='word_1_184' title='bbox 482 3135 672 3218; x_wconf 75' lang='lat' dir='ltr'>praeposuisse</span> <span class='ocrx_word' id='word_1_185' title='bbox 687 3137 758 3199; x_wconf 83' lang='lat' dir='ltr'>suis.</span> 
     </span>
     <span class='ocr_line' id='line_1_30' title="bbox 58 3226 811 3301; baseline 0.011 -12"><span class='ocrx_word' id='word_1_186' title='bbox 58 3226 142 3301; x_wconf 85' lang='lat' dir='ltr'>Quid</span> <span class='ocrx_word' id='word_1_187' title='bbox 158 3229 273 3292; x_wconf 80' lang='lat' dir='ltr'>dubitas</span> <span class='ocrx_word' id='word_1_188' title='bbox 288 3230 417 3293; x_wconf 85' lang='lat' dir='ltr'>vinctam</span> <span class='ocrx_word' id='word_1_189' title='bbox 433 3230 552 3294; x_wconf 83' lang='lat' dir='ltr'>Gaetulo</span> <span class='ocrx_word' id='word_1_190' title='bbox 568 3233 682 3296; x_wconf 86' lang='lat' dir='ltr'>tradere</span> <span class='ocrx_word' id='word_1_191' title='bbox 697 3233 811 3298; x_wconf 76' lang='lat' dir='ltr'>I&#39;arbae?</span> 
     </span>
     <span class='ocr_line' id='line_1_31' title="bbox 101 3326 1036 3395; baseline 0.006 -7"><span class='ocrx_word' id='word_1_192' title='bbox 101 3326 282 3390; x_wconf 87' lang='lat' dir='ltr'>Praebuerim</span> <span class='ocrx_word' id='word_1_193' title='bbox 298 3329 405 3391; x_wconf 89' lang='lat' dir='ltr'>sceleri</span> <span class='ocrx_word' id='word_1_194' title='bbox 416 3329 534 3392; x_wconf 80' lang='lat' dir='ltr'>brachie</span> <span class='ocrx_word' id='word_1_195' title='bbox 548 3345 647 3394; x_wconf 84' lang='lat' dir='ltr'>nostra</span> <span class='ocrx_word' id='word_1_196' title='bbox 660 3346 721 3395; x_wconf 89' lang='lat' dir='ltr'>tuo.</span> <span class='ocrx_word' id='word_1_197' title='bbox 975 3333 1036 3394; x_wconf 84' lang='lat'>100</span> 
     </span>
     <span class='ocr_line' id='line_1_32' title="bbox 57 3423 779 3514; baseline 0.006 -28"><span class='ocrx_word' id='word_1_198' title='bbox 57 3423 113 3486; x_wconf 84' lang='lat' dir='ltr'>Est</span> <span class='ocrx_word' id='word_1_199' title='bbox 129 3425 219 3487; x_wconf 87' lang='lat' dir='ltr'>etiam</span> <span class='ocrx_word' id='word_1_200' title='bbox 234 3424 339 3503; x_wconf 61' lang='lat' dir='ltr'>fratem</span> <span class='ocrx_word' id='word_1_201' title='bbox 361 3425 445 3511; x_wconf 87' lang='lat' dir='ltr'>cujus</span> <span class='ocrx_word' id='word_1_202' title='bbox 461 3449 565 3490; x_wconf 90' lang='lat' dir='ltr'>manus</span> <span class='ocrx_word' id='word_1_203' title='bbox 580 3429 670 3513; x_wconf 79' lang='lat' dir='ltr'>impia</span> <span class='ocrx_word' id='word_1_204' title='bbox 687 3428 779 3514; x_wconf 85' lang='lat' dir='ltr'>possit</span> 
     </span>
     <span class='ocr_line' id='line_1_33' title="bbox 99 3521 930 3608; baseline 0.006 -24"><span class='ocrx_word' id='word_1_205' title='bbox 99 3521 250 3606; x_wconf 84' lang='lat' dir='ltr'>Respergi</span> <span class='ocrx_word' id='word_1_206' title='bbox 265 3537 376 3602; x_wconf 85' lang='lat' dir='ltr'>unstro,</span> <span class='ocrx_word' id='word_1_207' title='bbox 390 3544 491 3608; x_wconf 86' lang='lat' dir='ltr'>sparsa</span> <span class='ocrx_word' id='word_1_208' title='bbox 509 3545 613 3589; x_wconf 86' lang='lat' dir='ltr'>eruore</span> <span class='ocrx_word' id='word_1_209' title='bbox 628 3527 691 3588; x_wconf 81' lang='lat' dir='ltr'>viri.</span> <span class='ocrx_word' id='word_1_210' title='bbox 927 3601 930 3608; x_wconf 84' lang='lat'>.</span> 
     </span>
    </p>
   </div>
   <div class='ocr_carea' id='block_1_4' title="bbox 0 0 1182 4110">
    <p class='ocr_par' dir='ltr' id='par_1_4' title="bbox 0 0 1182 4110">
     <span class='ocr_line' id='line_1_34' title="bbox 0 0 1182 4110; baseline 0 0"><span class='ocrx_word' id='word_1_211' title='bbox 0 0 1182 4110; x_wconf 95' lang='lat' dir='ltr'> </span> 
     </span>
    </p>
   </div>
  </div>
 </body>
</html>
