2356 4110
521 329 630 378 LIBER
648 329 683 379 II.

104 482 295 566 Seculaque,
311 494 342 543 et
356 480 458 564 posita
472 480 574 564 spatiis
589 481 748 565 equalibus
764 479 873 544 Horae:

107 578 233 664 Verque
247 600 360 642 novum
375 579 481 656 stabat,
495 579 626 641 cinctum
641 578 765 641 florente
779 578 907 642 coronis:

106 676 212 740 Stabat
227 677 308 739 nuda
323 677 435 754 AEstas,
451 690 481 739 et
496 677 597 760 spicea
610 691 687 739 serta
702 678 832 758 gerebat.

107 774 213 838 Stabat
229 789 259 838 et
273 774 456 851 Autumnus,
471 775 589 838 calcatis
605 775 736 837 sordidus
756 775 832 853 uviS,

108 871 151 934 Et
165 873 294 955 glacialis
309 871 428 949 Hiems,
441 895 532 936 canos
546 874 657 936 hirsuta
670 875 825 957 capillos⁴
1044 880 1086 940 30

151 970 226 1032 Inde
240 973 307 1034 loco
321 971 447 1048 medius,
462 992 558 1033 rerum
574 972 704 1034 novitate
719 986 879 1055 paventem

110 1067 164 1129 Sol
178 1070 269 1131 oculis
280 1069 435 1154 juvenem,
451 1070 555 1153 quibus
571 1070 695 1153 adspicit
709 1070 818 1147 omnia,
831 1071 913 1132 vidit.

111 1164 271 1250 ‘Quaque
280 1168 334 1229 viae
349 1167 402 1230 tibi
417 1169 525 1230 eausa?
570 1166 655 1240 Quid
670 1167 748 1246 htc‚’
764 1167 814 1245 ait,
831 1174 916 1230 ‘arce
931 1167 1042 1250 petisti,

113 1261 281 1345 Progenies,
296 1264 468 1342 Phaethon,
483 1265 564 1327 haud
577 1265 732 1327 inficianda
746 1265 860 1348 parenti
870 1265 892 1328 l'

114 1358 168 1421 llle
181 1360 282 1424 refert:
307 1361 355 1423 ‘O
371 1362 424 1424 lux
439 1363 573 1425 immensi
588 1363 706 1446 publica
720 1364 832 1441 mundi,
1043 1367 1085 1428 35

115 1455 228 1520 Phoebe
242 1473 337 1542 pater,
351 1461 377 1522 si
392 1461 444 1522 das
459 1460 545 1545 hujus
560 1461 632 1522 mihi
646 1461 771 1523 nominis
786 1483 884 1539 usum,

116 1553 238 1636 Pignora
252 1558 299 1636 da,
315 1559 446 1640 genitor3
470 1580 523 1641 per
538 1581 601 1642 quae
616 1573 667 1620 tua
682 1581 751 1621 vera
766 1581 898 1643 propago

118 1650 233 1732 Credar,
248 1669 278 1718 et
292 1656 372 1718 huno
388 1656 490 1718 animis
506 1677 632 1718 errorem
647 1657 768 1719 detrahe
785 1657 957 1818 nostris*

121 1746 245 1814 Dixerat.
289 1755 334 1816 At
348 1754 463 1836 genitor
476 1753 587 1817 circum
601 1769 691 1838 caput
705 1776 794 1818 omne
813 1756 909 1820 mican
923 1776 955 1818 es

123 1844 257 1930 Deposuit
270 1852 385 1929 radios3
407 1853 586 1936 propiusque
601 1853 743 1915 accedere
755 1853 858 1937 jussit:
1040 1855 1085 1917 40

127 1944 322 2034 Amplexuque
336 1950 416 2029 dato,
432 1950 481 2013 ‘N
483 1973 518 2013 ec
532 1965 565 2012 tu
579 1971 664 2012 meus
680 1971 744 2012 esse
759 1951 860 2032 negari

60 2080 67 2097 ι
127 2037 224 2125 Dignus
239 2070 289 2125 es;
313 2062 343 2111 et
358 2048 508 2132 Clymene
524 2048 630 2124 veros,'
646 2048 703 2125 ait„
713 2054 721 2084 ‘
732 2047 823 2110 edidit
837 2061 929 2110 ortus.

125 2137 240 2227 Qudque
255 2145 352 2209 minius
367 2146 500 2223 dubites3
525 2146 647 2230 quodvis
663 2159 732 2229 pete
747 2167 871 2210 munus:
894 2160 927 2209 ut
941 2146 1026 2225 illud,

124 2233 170 2297 Me
182 2242 332 2321 tribuente,
348 2243 434 2307 feres.
479 2244 634 2307 Promissis
649 2245 730 2307 testis
745 2245 848 2308 adesto

125 2331 172 2398 Dis
184 2338 305 2423 juranda
319 2343 414 2426 palus,
429 2344 522 2406 oculis
537 2343 684 2424 incognita
698 2343 825 2404 nostris'
1039 2346 1082 2406 45

124 2429 176 2497 Vix
188 2437 260 2501 bene
276 2440 418 2504 desierat:
441 2462 542 2503 currus
557 2453 640 2522 rogat
655 2440 703 2502 ille
719 2454 866 2524 paternos,

120 2526 203 2616 luque
217 2537 295 2599 diem
310 2539 461 2622 alipedum
472 2537 521 2623 jus
536 2552 567 2600 et
581 2539 771 2601 moderamen
787 2561 941 2622 equorum.

118 2626 249 2697 Poenituit
258 2633 374 2720 jurdsse
389 2649 514 2719 patrem.
559 2635 624 2710 Qui
638 2651 741 2720 terque
751 2642 918 2721 'quaterque

117 2722 288 2795 Concutiens
303 2733 413 2795 illustre
428 2747 528 2817 caput,
544 2733 757 2810 ‘Temeraria'
774 2735 859 2811 dixit,

116 2823 201 2890 ‘Vox
213 2851 281 2892 mea
295 2829 374 2893 sacta
388 2830 441 2894 tud
455 2845 510 2894 est.
556 2831 678 2894 Utinam
694 2832 836 2914 promissa
851 2831 953 2893 liceret
1038 2818 1108 2897 50'

112 2918 176 2987 Non
190 2925 276 2989 dare!
300 2927 454 2991 Confiteor
468 2930 563 2992 solum
578 2930 635 2990 hoc
650 2928 712 3003 tibi,
728 2940 807 3003 nate,
822 2949 972 3010 negarem.

109 3020 283 3088 Dissuadere
298 3026 378 3089 licet.
422 3026 491 3090 Non
508 3041 553 3090 est
567 3041 619 3090 tua
633 3040 697 3088 tuta
711 3025 856 3090 voluntas.

106 3117 216 3203 Magna
229 3124 318 3206 petis,
334 3123 505 3204 Phaethon,
520 3141 551 3188 et
565 3148 629 3210 quae
645 3147 701 3189 nec
716 3126 824 3190 viribus
839 3127 900 3190 istis

104 3214 230 3282 Munera
244 3223 433 3301 conveniant,
448 3246 505 3286 nec
520 3237 581 3285 tam
597 3224 757 3307 puerilibus
773 3226 866 3288 annis·

100 3314 170 3379 Sors
186 3330 237 3381 tua
258 3321 406 3383 mortalis:
429 3344 489 3384 non
505 3334 551 3383 est
565 3323 688 3393 mortale
702 3324 783 3410 quod
798 3336 894 3408 optus.
1038 3324 1081 3387 55

97 3412 173 3477 Plus
189 3416 291 3494 etiam,
307 3419 397 3502 quim
413 3419 492 3503 quod
507 3421 619 3503 superis
634 3421 804 3509 contingere
819 3420 862 3483 sas
876 3420 924 3497 sit,
1146 3410 1148 3415 ⁴

96 3511 228 3579 Nescius
244 3515 377 3581 affectas.
423 3517 547 3581 Placeat
561 3518 613 3581 sibi
630 3520 753 3604 quisque
767 3516 885 3593 licebit3
