2356 4110
500 333 608 385 LIBER
625 335 656 384 V.

100 482 272 568 Premiaque
283 482 414 567 eripies?
436 504 501 566 quae
516 483 541 546 si
555 483 607 546 tihi
620 504 728 566 magna
742 485 878 550 videntur
886 502 895 564 ;

100 580 143 644 Ex
156 582 209 644 illis
224 581 365 665 scopulis,
379 581 430 642 ubi
445 594 528 642 erant
541 582 640 658 affixa,
655 581 795 664 petisses:

101 676 178 740 Nunc
192 679 267 755 sine,
283 678 336 761 qui
350 677 446 761 petiit,
460 699 515 761 per
530 699 618 760 quem
632 701 691 741 non
705 680 776 742 orba
790 694 937 759 senectus,

100 773 192 853 l'erre,
208 776 289 860 quod
303 787 334 836 et
348 774 458 837 meritis
473 789 503 837 et
518 796 592 837 voce
606 789 650 838 est
665 791 785 859 pacuis:
810 798 937 863 eumque

101 869 160 934 Non
174 872 237 949 tibi,
252 872 306 934 sed
321 884 409 934 certae
424 873 576 954 praelatum
591 872 720 955 intellige
734 875 842 937 morti!

100 968 146 1030 llle
158 970 231 1032 nihil
245 970 366 1031 contri:
389 969 443 1031 sed
457 982 488 1031 et
501 969 591 1046 hunc,
607 983 638 1032 et
652 969 764 1032 Persea
778 972 860 1034 vultu

102 1067 216 1129 Altemo
230 1079 379 1150 spectans,
393 1079 477 1148 petat
491 1065 570 1129 hunc
585 1067 708 1148 ignorat,
724 1088 760 1128 an
775 1067 867 1131 illum.

102 1162 318 1246 Cunctatusque
331 1163 425 1239 brevi,
437 1176 603 1225 contortam
618 1163 724 1226 viribus
739 1163 863 1241 hastam,

102 1259 228 1332 Quantas
242 1261 286 1323 ira
300 1259 398 1337 dabat,
413 1260 609 1344 nequicquam
624 1261 654 1323 in
668 1261 779 1324 Persea
793 1262 880 1325 misit.

101 1355 137 1419 Ut
148 1359 228 1421 stetit
242 1357 294 1420 illa
306 1370 390 1434 toro3
412 1359 507 1419 stratis
521 1370 584 1420 tum
601 1358 728 1442 denique
743 1359 871 1422 Perseus
932 1403 937 1413 -

102 1453 237 1518 Exsiluit:
262 1456 382 1539 teloque
397 1454 480 1518 ferox
495 1456 614 1518 inimica
627 1457 748 1518 remisso

101 1550 219 1615 Pectora
232 1552 378 1636 rupisset;
400 1552 455 1615 nisi
469 1566 536 1635 post
551 1554 651 1617 altaria
665 1553 798 1616 Phineus

99 1646 181 1711 Isset:
205 1663 236 1712 et
253 1647 436 1735 (indignum)
453 1650 595 1712 scelerato
610 1650 717 1734 profuit
731 1672 791 1714 ara.

99 1743 202 1810 Fronte
216 1759 318 1809 tamen
334 1745 440 1809 Rhoeti
454 1769 512 1809 non
528 1747 606 1811 irrita
619 1749 717 1831 cuspis
736 1749 866 1812 adhesit.
968 1828 972 1833 Ι

99 1842 156 1916 Qui
169 1858 328 1928 postquam
342 1845 460 1921 cecidit,
475 1844 642 1928 senumque
657 1866 696 1908 ex
711 1867 775 1908 osse
790 1847 938 1908 revulsum
957 1860 1012 1923 est,
1071 1863 1073 1867 ·

98 1939 232 2025 Palpitat,
248 1955 280 2005 et
294 1942 404 2025 positas
418 1943 565 2025 adspergit
579 1943 720 2024 sanguine
734 1963 861 2004 mensas.
1024 1945 1066 2005 40

134 2039 215 2102 Tum
230 2040 304 2102 vero
318 2039 474 2102 indomitas
488 2040 613 2102 ardescit
628 2040 733 2121 vulgus
747 2039 778 2102 in
792 2039 859 2118 iras,

99 2135 227 2221 Telaque
242 2137 421 2223 conjiciunt:
445 2150 475 2200 et
489 2150 567 2214 sunt,
584 2138 632 2221 qui
648 2136 776 2221 Cephea
791 2137 888 2201 dicant

98 2232 173 2296 Cum
186 2256 299 2317 genem
313 2235 422 2297 dehere
437 2234 520 2297 mori.
566 2235 627 2296 Sed
641 2235 741 2297 limine
756 2235 827 2299 tecti

99 2329 218 2395 Exierat
231 2332 396 2417 Cepheus3
418 2345 540 2395 testatus
551 2331 669 2416 jusque,
684 2332 842 2416 fidemque,

99 2427 283 2513 Hospitiique
299 2430 382 2506 deos,
397 2451 443 2507 ea,
458 2451 490 2492 se
506 2429 689 2513 prohibente,
705 2429 827 2491 moveri.
1025 2433 1067 2492 45

136 2527 253 2590 Bellica
267 2528 368 2590 Pallas
382 2529 476 2604 adest,
491 2541 522 2590 et
537 2528 663 2610 protegit
679 2527 769 2609 aegide
784 2526 918 2590 fratrem:

98 2623 220 2708 Datque
229 2625 356 2688 animos.
402 2624 475 2688 Erat
490 2624 581 2688 Indus
595 2625 695 2702 Athis,
711 2647 810 2709 quem,
825 2625 946 2688 flumine
961 2623 1067 2706 Gange

98 2719 195 2799 Edita,
210 2722 350 2801 Limnate
366 2723 465 2786 vitreis
480 2723 629 2806 peperisse
644 2724 698 2785 sub
713 2723 800 2784 antris

98 2813 246 2896 Creditur,
261 2822 396 2902 egregius
411 2820 521 2882 sonna:
546 2842 634 2904 quam
649 2820 739 2882 divite
754 2819 835 2881 cultu

98 2916 246 2997 Augebat,
261 2917 306 2979 bis
321 2918 418 2980 adhuc
433 2918 546 2980 octonis
560 2918 675 2997 integer
689 2917 790 2991 aunis3
1027 2917 1069 2978 50

97 3011 236 3075 Inductus
250 3014 442 3097 chlamydem
457 3014 591 3098 Tyriam,
608 3035 695 3097 quam
710 3013 816 3076 limbus
831 3013 930 3077 obibat

97 3110 231 3173 Aureus:
256 3111 399 3174 ornabant
414 3125 515 3174 aurata
528 3111 647 3174 monilia
661 3111 780 3189 collum,

98 3206 137 3269 Et
150 3208 285 3270 madidos
300 3208 421 3290 myrrhit
433 3230 558 3270 curvum
571 3208 680 3271 crinale
694 3209 826 3293 capillos.

98 3303 149 3367 llle
165 3305 286 3389 quidem
297 3305 398 3390 jaculo
413 3306 547 3389 quamvis
562 3306 697 3369 distantia
710 3309 799 3370 misso

97 3404 203 3487 Figere
219 3406 325 3467 doctus
340 3417 421 3480 erat3
443 3403 496 3464 sed
512 3404 632 3467 tendere
647 3405 758 3467 doctior
772 3423 865 3464 arcus.
1030 3401 1071 3461 55

97 3503 176 3566 Tum
193 3524 313 3588 quoque
326 3503 409 3565 lenta
423 3523 512 3564 mauu
527 3501 697 3565 flectentem
712 3520 821 3563 cornua
834 3496 963 3559 Perseus
