2356 4110
497 340 605 391 LIBER
629 339 689 390 vn.

97 494 156 570 Qui
169 496 353 578 lacryment,
368 493 492 554 desunt:
515 491 722 574 indefletaeque
739 502 882 572 vagantur

98 591 239 656 Natarum
253 606 442 674 matrumque
458 589 572 666 anime,
583 588 787 673 juvenumque
806 609 987 673 senumque:

101 687 161 752 Nec
175 692 259 752 locus
274 690 305 752 in
320 689 459 763 tumulos,
473 709 529 749 uec
543 687 650 748 sufficit
666 687 750 748 arbor
763 687 793 748 in
807 687 901 769 ignes.

139 789 293 850 Attonitus
305 781 391 848 ⁴tauto
405 785 576 847 miserarum
589 785 705 846 turbine
719 805 828 860 rerum,

104 885 244 968 “Jupiter
259 884 311 961 ὂ,”
328 884 401 960 dixi,
417 883 547 944 “sinon
563 881 655 964 pudet
671 903 735 943 esse
751 873 923 964 parentem3
1008 887 1072 946 205

105 982 161 1044 Aut
174 983 247 1044 mihi
261 981 353 1043 redde
367 1002 461 1057 meos,
476 992 527 1042 aut
540 1001 590 1041 me
605 1001 723 1062 quoque
738 979 833 1041 conde
848 981 1017 1062 sepulcro.''

105 1078 151 1142 llle
166 1096 266 1144 uotam
281 1079 393 1161 fulgore
410 1079 501 1155 dedit,
515 1077 683 1160 tonitruque
697 1076 840 1138 secundo.

105 1184 122 1213 “
128 1178 264 1261 Accipio,
280 1178 396 1260 sintque
412 1177 467 1239 ista
481 1196 586 1258 precor
600 1174 695 1236 felicia
709 1174 815 1236 mentis

106 1273 187 1356 Signa
200 1275 291 1351 tuae,''
307 1275 386 1337 dixi:
409 1283 429 1311 “
440 1274 519 1357 quod
534 1274 585 1335 das
601 1273 681 1350 mibi,
697 1273 842 1356 pigneror,
857 1273 979 1336 omen.''

139 1373 165 1434 F
166 1373 231 1435 orte
246 1372 300 1435 tuit
310 1372 400 1457 juxta
413 1372 519 1455 patulis
533 1371 678 1434 rarissima
691 1372 787 1448 ramis,
1008 1374 1071 1435 210

105 1469 186 1533 Sacra
200 1471 281 1547 Jovi,
297 1491 422 1555 quercus
437 1470 474 1532 de
489 1469 601 1531 semine
617 1468 782 1531 Dodonaeo.

104 1565 156 1630 Hic
170 1591 224 1630 nos
240 1568 395 1650 frugilegas
409 1568 599 1650 adspeximus
614 1566 728 1647 agmine
742 1566 830 1648 longo

103 1664 215 1727 Grande
231 1688 305 1728 onus
321 1666 430 1747 exiguo
444 1664 578 1728 formicas
593 1685 643 1726 ore
659 1677 805 1744 gerentes,

103 1759 280 1846 Rugosoque
295 1785 381 1825 suum
396 1776 546 1824 servantes
560 1762 669 1824 cortice
683 1762 800 1823 callem.

102 1857 177 1922 Dum
191 1882 351 1922 numerum
365 1861 463 1936 miror,
479 1867 498 1896 “
507 1858 659 1934 Totidem,
675 1872 759 1940 pater
773 1858 917 1940 optime,''
933 1858 1005 1935 dixi,

102 1957 173 2019 “Tu
188 1958 263 2020 mihi
279 1959 317 2020 da
331 1958 428 2020 cives:
453 1971 483 2018 et
497 1956 594 2019 inania
609 1955 719 2018 moenia
732 1955 847 2037 reple.'’
1007 1959 1069 2020 216

102 2053 259 2131 Intremuit,
274 2055 420 2138 ramisque
435 2076 539 2116 sonum
554 2054 616 2115 sine
632 2052 749 2115 flamine
765 2053 850 2115 motis

102 2153 165 2214 Alta
178 2153 262 2214 dedit
277 2173 412 2236 quercus.
457 2150 573 2213 Pavido
586 2151 659 2213 mihi
673 2151 805 2212 membra
820 2151 923 2213 timore

102 2249 287 2327 Horruerant,
302 2250 474 2333 stabantque
489 2271 591 2311 comae.
636 2247 754 2310 Tamen
770 2249 869 2311 oscula
883 2263 976 2327 terrae,

102 2345 322 2432 Roboribusque
338 2348 423 2409 dedi:
440 2367 496 2409 nec
511 2369 559 2409 me
574 2367 691 2429 sperare
707 2345 835 2423 fatebar3
1006 2352 1069 2411 220

103 2443 257 2528 Sperabam
272 2458 388 2507 tamen:
412 2457 500 2527 atque
517 2444 613 2507 animo
628 2465 695 2505 mea
710 2457 779 2505 vota
793 2443 939 2507 fovebam.

136 2543 206 2605 Nox
221 2544 316 2605 subit:
340 2557 370 2604 et
384 2542 460 2604 curis
475 2543 606 2604 exercita
620 2563 743 2624 corpora
757 2564 877 2604 somnus

103 2638 242 2723 Occupat.
288 2640 370 2702 Ante
385 2640 486 2702 oculos
501 2639 607 2701 eadem
621 2639 692 2701 mihi
708 2661 831 2723 quercus
847 2639 961 2716 adesse,

104 2734 135 2798 Et
149 2760 245 2800 ramos
260 2737 395 2813 totidem,
410 2738 593 2820 totidemque
609 2736 744 2798 animalia
758 2737 844 2798 ramis

104 2830 184 2897 Ferre
198 2836 259 2897 suis
275 2836 338 2896 visa
352 2847 414 2912 est;
436 2834 578 2918 parilique
593 2833 761 2895 tremiscere
775 2844 875 2894 motu:
1006 2834 1068 2896 225

104 2928 340 3015 Graniferumque
356 2954 462 3014 agmen
478 2932 615 3016 subjectis
631 2951 769 3013 spargere
784 2929 811 2991 in
824 2929 909 2992 arvis.

105 3026 236 3092 Crescere
253 3029 332 3112 quod
347 3029 455 3107 subitd,
470 3042 500 3091 et
515 3029 609 3113 majus
624 3027 778 3112 majusque
794 3028 896 3107 videri,

58 3192 60 3199 ι
106 3123 143 3187 Ac
155 3149 186 3188 se
201 3128 305 3190 tollere
320 3127 421 3204 humo,
437 3141 577 3210 rectoque
593 3126 732 3188 adsistere
747 3138 868 3204 trunco;

107 3218 138 3284 Et
150 3226 273 3287 maciem
288 3246 504 3308 numerumque
520 3224 641 3308 pedum,
656 3223 830 3308 nigmmque
845 3223 975 3286 colorem

108 3315 226 3398 Ponere3
248 3335 280 3384 et
294 3322 454 3384 humanam
469 3321 607 3382 membris
622 3321 761 3383 inducere
776 3321 909 3382 sunnam.
1004 3319 1067 3380 230

110 3412 218 3481 Somnus
234 3420 305 3482 abit.
350 3418 472 3481 Damno
488 3419 609 3500 vigilans
623 3440 689 3480 mea
704 3419 784 3493 visa;
806 3434 970 3499 querorque

112 3506 253 3598 insuperis
267 3517 333 3600 opis
348 3537 414 3600 esse
428 3516 511 3579 nihii.
556 3516 600 3577 At
613 3516 643 3577 in
659 3515 769 3577 aedibus
783 3515 885 3593 ingens
