2356 4110
101 312 143 374 94
414 310 762 363 METAMORPHOSEON

101 466 320 550 Coeruleusque
336 464 400 526 fluit
415 477 477 526 toto
492 463 530 525 de
544 484 668 546 oorpore
682 463 788 534 sudor:

102 565 299 649 Ambustique
314 576 419 626 sonant
433 562 532 624 nervi:
555 561 694 644 caecaque
708 560 846 624 medullis

100 662 187 725 Tabe
201 661 376 746 liquefactis,
391 661 516 723 tendens
531 659 568 721 ad
582 659 677 721 sidem
696 659 820 742 palmas,

101 760 285 838 ‘Cladibus,'
301 760 459 834 exclamat,
476 757 641 834 ‘Satumia‚
656 778 778 840 pascere
793 758 919 821 nostris:

101 858 246 921 Pascere:
271 871 301 920 et
316 858 392 919 hano
407 869 524 940 pestem
538 869 651 938 specta,
664 855 803 932 crudelis,
818 856 856 918 ab
872 857 951 920 alto:
1038 861 1080 922 40

101 955 222 1040 Corque
237 955 331 1018 ferum
346 955 428 1019 satia.
463 953 534 1015 ·Vel
549 953 573 1015 si
587 954 768 1016 miserandus
783 967 814 1016 et
829 954 927 1031 hosti3

103 1053 221 1134 (Hostis
236 1055 314 1117 enim
330 1054 382 1117 tibi
396 1051 477 1138 sum)
495 1052 561 1114 diris
576 1052 751 1115 cruciatibus
766 1073 885 1134 aegram,

100 1152 288 1237 Invisamque
304 1152 441 1228 animam,
456 1163 615 1233 natamque
629 1150 787 1227 laboribus,
801 1150 896 1213 aufer.

100 1248 183 1313 Mors
197 1251 269 1312 mihi
283 1271 389 1310 munus
405 1248 476 1310 erit:
500 1247 588 1310 decet
603 1248 669 1310 haeo
685 1248 754 1310 dare
771 1249 849 1311 dona
859 1270 1036 1313 uoremam.

100 1347 182 1429 Ergo
196 1368 253 1428 ego
268 1345 428 1409 soedantem
443 1346 598 1428 peregrino
612 1347 725 1429 templa
738 1368 843 1409 cruore
1037 1349 1076 1410 45

101 1444 218 1506 Busirin
233 1444 354 1514 domui?
376 1465 512 1527 saevoque
528 1444 666 1506 alimenta
679 1445 808 1527 parentis

102 1543 207 1605 Antaeo
222 1543 336 1626 eripui?
358 1564 415 1604 nec
431 1563 478 1604 me
493 1542 616 1625 pastoris
630 1541 708 1604 lberi

100 1639 209 1703 Forma
225 1641 351 1724 triplex3
373 1662 430 1703 neo
445 1639 537 1702 forma
551 1640 660 1723 triplex
674 1653 735 1718 tua,
747 1639 895 1718 Cerbero,
904 1641 1028 1704 uuoviti

102 1739 203 1802 Vosne
217 1761 321 1802 manus
336 1739 424 1801 validi
438 1738 582 1821 pressistis
596 1760 707 1801 cornua
717 1739 819 1801 tauri?

100 1838 241 1901 Vestrum
256 1860 331 1921 opus
347 1837 410 1899 Elis
425 1837 526 1914 habet,
542 1851 672 1900 vestrum
687 1836 913 1919 Stympbtbdfls
926 1837 1074 1915 indmbd

99 1935 352 2020 Partheniumque
364 1938 493 1999 nemus?
515 1935 614 1998 vestri
628 1936 734 1998 virtute
750 1935 862 1998 uelem

98 2033 369 2096 Thannodontiaoo
383 2034 502 2096 caelatus
516 2034 631 2095 balteus
646 2053 727 2110 auro,

99 2130 253 2214 Pomaque
269 2131 305 2192 ab
320 2131 444 2193 insomni
460 2131 536 2193 mal'e
551 2131 697 2193 custodita
711 2130 860 2194 dracone?

99 2226 166 2289 Nee
181 2228 253 2290 mihi
267 2226 411 2290 Centauri
425 2229 550 2311 potuere
564 2229 709 2305 resistere,
723 2250 780 2291 neo
791 2227 837 2291 mi

99 2324 233 2387 Arcadiae
249 2338 378 2387 vastator
392 2347 464 2409 aper
472 2348 481 2403 ;
499 2347 559 2388 neo
574 2325 683 2409 profuit
698 2324 811 2409 Hydrae
1033 2327 1074 2389 55

100 2422 244 2484 Crescere
260 2445 314 2505 per
330 2424 480 2500 damnum,
492 2424 686 2507 :geminasque
698 2445 850 2486 resumere
863 2423 965 2486 virosi

100 2517 204 2591 Quid?
227 2521 296 2581 curn
311 2519 443 2582 Thracas
458 2542 560 2604 equos,
576 2523 705 2600 humano
720 2521 861 2603 sanguine
875 2521 1012 2606 pingues,

100 2615 254 2700 Plenaque
269 2618 439 2700 corporibus
454 2618 557 2680 laceris
572 2619 715 2702 praesepia
728 2620 798 2696 vidi,

100 2712 232 2797 Visaque
248 2714 353 2799 dejeci,
369 2715 578 2799 dominumque
594 2718 732 2800 ipsosque
747 2718 882 2800 peremi?

99 2810 155 2874 His
172 2814 243 2875 elisa
253 2812 334 2897 jacet
348 2815 441 2876 moles
456 2812 599 2876 Nemeaea
612 2815 750 2878 lacertis?
1023 2819 1066 2880 60

99 2910 168 2972 Hac
183 2913 292 2973 coelum
308 2914 424 2975 cervice
439 2913 513 2976 tuli?
557 2912 684 2976 Defessa
695 2913 827 2998 jubendo
842 2927 888 2976 est

99 3007 185 3069 Saeva
199 3007 281 3070 Jovis
295 3010 422 3093 conjux:
445 3033 503 3092 ego
517 3033 582 3074 sum
598 3011 761 3074 indefessus
776 3013 903 3094 agendo.

99 3104 159 3166 Sed
174 3127 252 3167 nova
266 3107 356 3188 pestis
371 3108 472 3169 adest:
495 3110 543 3171 oui
557 3132 613 3172 nec
629 3111 735 3172 virtute
750 3110 854 3188 resisti,

98 3202 164 3266 Nec
181 3203 245 3265 telis
260 3203 384 3266 armisve
400 3217 507 3286 potest.
553 3205 748 3271 Pulmonibus
762 3222 839 3271 errat

98 3300 176 3385 Ignis
191 3303 269 3365 edax
284 3302 360 3380 imis,
376 3323 487 3386 perque
502 3325 604 3366 omnes
618 3308 749 3388 pasoitur
765 3322 854 3370 artus.
1034 3310 1076 3375 65

97 3400 141 3462 At
156 3402 234 3465 valet
249 3400 448 3485 Eurystheus,
465 3415 495 3463 et
509 3414 587 3479 sunt,
603 3405 652 3487 qui
667 3407 789 3468 credere
804 3407 918 3490 possim
952 3438 954 3440 ·

98 3495 174 3560 Esse
188 3499 260 3562 deos
270 3500 292 3562 ?’
338 3499 436 3563 Dixit.
481 3500 601 3586 Perque
616 3504 707 3567 altum
721 3506 839 3568 saucius
851 3505 952 3570 OEten
