2370 4110
108 307 197 381 ,170
371 312 563 365 ennomus.
596 312 771 365 eruenta
794 314 870 365 x111.

133 462 214 527 Inter
228 463 308 526 mille
322 476 400 527 rates
414 476 465 527 tua
479 462 516 527 sit
529 463 685 528 millesime
699 464 819 546 puppis,

175 560 303 645 Jamque
319 560 450 642 fatigatas
465 561 567 623 ultima
583 574 680 623 verset
695 581 796 644 eques.

134 656 203 721 Hoc
218 679 336 744 quoque
351 679 539 741 praemoneo:
563 658 601 719 de
616 679 692 721 nave
707 657 884 722 novissimus
898 659 961 723 exi.
1075 664 1118 725 95

175 753 245 818 Non
260 769 315 832 est,
331 755 391 838 qud
406 776 557 838 properes,
573 769 650 821 terra
664 769 787 838 paterna
802 755 865 820 tibi.

133 851 215 923 Cum
231 852 342 930 venies,
356 873 497 937 remoque
512 874 600 915 move
617 853 743 937 veloque
757 854 906 932 cerinamt

175 948 270 1034 Inque
284 963 336 1012 tuo
350 951 480 1029 celerem
493 950 590 1013 littore
605 951 674 1016 siste
689 950 824 1031 gradum.

133 1046 195 1109 Sed
209 1060 260 1109 tua
274 1069 328 1109 cur
340 1047 424 1110 nobis
439 1047 553 1130 pallens
568 1048 693 1111 occurrit
707 1048 826 1130 imago?

175 1143 242 1206 Cur
257 1145 338 1206 venit
352 1166 370 1206 a
385 1145 480 1206 verbis
495 1145 588 1208 multa
602 1145 724 1227 querele
737 1144 816 1211 tuis?
1055 1152 1113 1211 10⁰

134 1239 280 1304 Excutior
294 1262 416 1318 somn03
438 1241 651 1325 simulacraque
665 1242 759 1305 noctis
774 1243 875 1320 adoro,
987 1297 990 1300 .

175 1337 267 1400 Nulla
280 1351 360 1400 caret
375 1337 456 1400 fumo
470 1337 623 1403 Thessalis
638 1361 688 1403 ure
701 1361 780 1405 meo.

132 1434 238 1497 Thura
253 1435 366 1512 damus,
381 1435 602 1519 laerymamque
617 1436 724 1520 auper3
748 1436 807 1521 qud
820 1459 922 1522 sparsa
935 1439 1061 1518 relucet,

175 1530 219 1594 Ut
234 1532 309 1594 solet
324 1531 428 1597 adfuso
443 1554 562 1616 surgere
577 1533 697 1601 flamma
710 1557 802 1602 mero.

134 1627 203 1692 Hoc
219 1651 347 1714 quoque,
364 1630 444 1714 qudd
459 1632 540 1694 venti
554 1632 712 1714 prohibent
727 1633 949 1712 endecadem,
1054 1637 1110 1698 105

176 1726 230 1790 Me
245 1741 362 1790 movet:
386 1726 483 1792 invitis
498 1729 539 1791 ire
555 1729 662 1812 paratis
677 1731 771 1813 aquis.

134 1824 212 1898 Quis
227 1826 299 1888 velit
313 1826 342 1888 in
358 1825 483 1910 patriam
497 1840 588 1889 vento
603 1828 778 1912 prohibente
793 1829 924 1898 reverti?

176 1923 206 1986 A
222 1923 317 2008 patria
331 1925 437 2008 pelago
452 1925 519 1989 vela
534 1938 653 1992 vetante
669 1926 754 1990 datis.

134 2020 204 2106 Ipse
218 2044 302 2085 suam
315 2044 374 2093 nnn
388 2023 500 2107 prebet
514 2023 569 2086 iter
583 2021 742 2107 Neptunus
758 2023 795 2089 ad
809 2024 924 2088 urbem.

177 2114 250 2190 Qut
264 2118 366 2179 ruitis?
411 2117 533 2184 Vestras
550 2119 673 2201 quisque
688 2118 781 2186 redite
804 2119 918 2183 domne.
1053 2123 1110 2183 110

135 2212 209 2286 Qut
223 2214 314 2292 ruitis,
329 2213 450 2285 Danai?
495 2213 611 2278 Ventos
627 2215 725 2277 audite
743 2229 887 2283 vetantes.

177 2309 245 2373 Non
261 2310 348 2373 subiti
363 2310 459 2389 cassus,
474 2313 601 2377 numinis
615 2312 671 2377 ista
685 2335 767 2377 mura
784 2325 839 2378 est.

135 2406 219 2482 Quid
233 2410 343 2492 petitur
356 2422 449 2486 tanto,
464 2410 519 2474 nisi
534 2411 625 2492 turpis
641 2411 782 2489 adultera,
797 2412 896 2477 bellot

177 2506 259 2568 Dum
275 2508 355 2583 lieet,
370 2505 497 2569 Inachiae
514 2507 618 2575 vertite
634 2508 701 2575 vela
715 2523 802 2579 rates.

135 2602 196 2666 Sed
212 2603 281 2686 quid
296 2625 351 2685 ego
366 2624 475 2666 revoco
490 2604 574 2666 hen?
617 2602 718 2667 Omen
733 2607 898 2672 revocantis
912 2607 1029 2688 abesto,
1053 2608 1110 2671 115

175 2699 351 2785 Blandaque
366 2701 543 2784 compositas
558 2722 628 2772 aura
643 2706 786 2768 secundet
800 2726 901 2789 aquae.

134 2795 249 2873 Ultima
262 2800 400 2865 mandato
413 2799 568 2863 claudetur
582 2801 706 2883 epistola
722 2824 832 2885 parv03

178 2897 229 2959 ‘Si
244 2897 296 2962 tibi
310 2919 381 2962 cura
395 2897 470 2977 mei,
480 2897 518 2984 eit
532 2898 584 2963 tibi
598 2919 669 2964 eure
684 2899 748 2970 tui)
