2356 4110
150 302 213 364 164
541 307 735 359 nummus.

146 459 247 523 Omne
262 460 337 521 latus
352 471 434 520 terre
448 457 540 539 cingit
554 479 646 521 marc.
691 456 802 521 Navita
814 478 983 544 nusquam:

191 557 281 619 Nulla
298 578 352 639 per
366 555 517 637 ambiguas
532 556 642 638 puppis
656 556 731 618 itura
745 555 818 618 vias.

148 654 245 735 Finge
261 655 322 716 dari
336 653 519 736 comitesque
535 653 618 730 mihi,
634 666 808 738 ventosque,
824 666 984 739 ratemque
993 676 1002 734 3

192 750 276 825 Quid
291 753 417 835 sequar?
462 751 613 813 Accessus
627 764 704 813 terra
718 764 844 834 paterna
857 765 960 836 negat.

148 849 193 913 Ut
207 863 269 912 rate
284 848 361 912 selici
377 863 482 932 pacata
496 870 550 932 per
564 871 679 932 aequora
694 850 777 912 labar
785 870 794 928 ;
1087 852 1129 915 65

190 946 355 1031 Temperet
369 960 402 1008 ut
417 960 521 1008 ventos
535 946 659 1024 AEolus3
682 948 767 1010 exstrl
782 966 844 1011 cro.

149 1045 219 1110 Non
234 1067 290 1128 ego
304 1058 345 1122 te,
362 1043 466 1122 Crete,
481 1058 601 1107 centum
616 1045 729 1126 digesta
744 1064 798 1128 per
810 1046 911 1124 urbes,

194 1144 379 1227 Adspicianr,
394 1164 487 1230 puero
499 1143 617 1224 cognita
631 1155 709 1206 terra
722 1142 803 1206 Jovi.

149 1240 229 1306 Nam
245 1255 338 1325 pater,
354 1254 384 1303 et
397 1241 484 1303 tellus
494 1239 575 1324 justo
589 1254 710 1322 regnata
724 1241 849 1325 parenti,

192 1338 313 1400 Prodita
327 1352 395 1399 sunt
411 1337 498 1413 sacto,
513 1339 632 1400 nomina
645 1359 723 1416 cara,
738 1360 818 1402 meo.

149 1434 231 1498 Crim
247 1435 307 1510 tibi,
323 1455 361 1496 ne
377 1434 469 1496 victor
482 1447 561 1496 tecto
575 1456 723 1498 morerere
737 1456 872 1514 recurvo,

193 1530 272 1605 Quae
287 1545 421 1614 regerent
435 1554 537 1616 passus
552 1554 606 1616 pro
620 1535 696 1597 duce
710 1535 759 1596 tila
774 1534 854 1597 dedi.

150 1628 232 1692 Cinn
247 1630 318 1692 mihi
333 1630 461 1707 dicebas,
477 1630 558 1692 ‘Par
571 1652 627 1713 ego
641 1632 706 1714 ipsa
720 1631 850 1714 pericula
861 1631 941 1717 juro,

193 1726 241 1790 Te
258 1727 330 1805 sore,
347 1728 417 1790 dum
432 1730 563 1790 nostriim
578 1729 658 1792 vivet
673 1744 807 1814 uterque,
821 1729 945 1794 meam)

39 1870 44 1878 .
151 1823 304 1887 Vivimus:
328 1839 359 1888 et
373 1847 431 1888 non
447 1847 523 1903 sum,
538 1825 673 1904 Theseu,
688 1840 755 1890 tua:
778 1827 908 1890 simodd
922 1827 1008 1907 vivis,
1083 1826 1123 1891 75

192 1922 343 2001 Foemina,
359 1923 467 2008 perjuri
481 1924 582 1987 fraude
597 1927 713 2008 sepulta
729 1925 792 1988 viri.

148 2020 203 2084 Me
219 2044 347 2106 quoque,
362 2022 422 2106 qui
436 2022 564 2100 fratrem,
579 2024 749 2101 mactisses‚
764 2025 909 2107 improbe,
922 2023 1021 2088 clavi.

191 2119 290 2196 Esset,
307 2142 394 2203 quam
409 2119 543 2197 dederas,
558 2134 652 2184 morte
667 2122 762 2185 soluta
775 2122 859 2185 fides.

149 2215 238 2279 Nunc
254 2238 311 2298 ego
325 2238 384 2278 non
399 2218 523 2294 tannim,
540 2240 604 2301 qua
619 2240 684 2281 sum
699 2240 830 2303 passura,
844 2220 1004 2299 recordor;

192 2313 253 2376 Sed
269 2335 450 2398 quecunque
466 2329 564 2398 potest
578 2317 638 2378 ulla
652 2318 753 2379 relicta
769 2318 841 2401 pati.
1084 2320 1125 2382 80

63 2459 68 2466 .
150 2413 319 2475 Occurrunt
333 2412 433 2474 auimo
447 2414 590 2495 pereundi
605 2415 685 2477 mille
699 2416 815 2497 figure:

191 2509 334 2593 Morsque
349 2509 445 2572 minus
460 2532 566 2593 poenae,
583 2513 671 2596 quam
686 2535 768 2576 mora
782 2514 896 2592 mortis,
910 2515 1013 2579 habet.

149 2606 217 2669 Jam
229 2606 292 2691 jam
306 2618 444 2668 venturos
459 2621 510 2669 aut
525 2609 593 2686 hac,
610 2622 659 2672 aut
674 2611 806 2694 suspicor
820 2612 898 2690 illac,

192 2703 256 2778 Qui
271 2704 381 2767 lanient
396 2705 482 2767 avido
498 2706 611 2768 viscera
625 2707 725 2785 dente,
740 2708 837 2792 lupos.

149 2802 285 2866 Forsitan
300 2817 331 2866 et
346 2803 440 2866 fulvos
456 2805 543 2868 tellus
558 2807 616 2868 alat
631 2806 685 2868 ista
699 2808 811 2869 leones.
1083 2809 1126 2874 85

192 2900 270 2974 Quis
285 2903 350 2978 scit,
366 2924 402 2964 an
418 2904 481 2966 hec
495 2925 587 2966 saevas
601 2905 719 2986 tigridas
734 2904 829 2968 insula
842 2905 954 2970 habet?

149 2996 191 3060 Et
205 2996 278 3060 freta
294 2999 429 3061 dicuntur
442 3023 564 3083 magnas
578 3003 729 3085 expellere
745 3003 867 3087 phocas.

192 3092 276 3167 Quid
292 3108 372 3157 vetat
387 3110 416 3157 et
432 3098 543 3177 gladios
558 3121 612 3182 per
625 3103 701 3163 latus
716 3102 757 3164 ire
772 3104 896 3166 mcum?

147 3191 280 3254 Tantinn
295 3213 333 3254 nc
349 3193 455 3274 religer
468 3194 543 3256 duri
556 3200 674 3280 captiva
688 3199 812 3277 careni,

192 3290 279 3354 Neve
294 3292 407 3354 traham
422 3291 508 3354 servi
521 3295 641 3375 grandia
656 3319 747 3381 pensa
759 3321 866 3363 manu:
1086 3304 1130 3367 90

149 3386 209 3451 Cui
224 3402 309 3472 pater
322 3403 367 3452 est
381 3388 493 3466 Minos,
508 3392 556 3453 cui
571 3408 664 3456 mater
678 3397 736 3458 lilia
750 3396 878 3462 Phoebi:

191 3483 343 3572 Quodque
358 3484 450 3570 magis
464 3488 594 3567 memini,
609 3512 673 3575 qua
688 3494 740 3556 tibi
755 3508 843 3578 pacta
856 3493 908 3559 firi.
