<?xml version="1.0" encoding="UTF-8"?>
<!DOCTYPE html PUBLIC "-//W3C//DTD XHTML 1.0 Transitional//EN"
    "http://www.w3.org/TR/xhtml1/DTD/xhtml1-transitional.dtd">
<html xmlns="http://www.w3.org/1999/xhtml" xml:lang="en" lang="en">
 <head>
  <title>
</title>
<meta http-equiv="Content-Type" content="text/html;charset=utf-8" />
  <meta name='ocr-system' content='tesseract 3.04.00' />
  <meta name='ocr-capabilities' content='ocr_page ocr_carea ocr_par ocr_line ocrx_word'/>
</head>
<body>
  <div class='ocr_page' id='page_1' title='image "./excerptaexscrip00ovidgoog_0160.png"; bbox 0 0 2356 4110; ppageno 0'>
   <div class='ocr_carea' id='block_1_1' title="bbox 451 309 640 367">
    <p class='ocr_par' dir='ltr' id='par_1_1' title="bbox 451 309 640 367">
     <span class='ocr_line' id='line_1_1' title="bbox 451 309 640 367; baseline -0.032 -3"><span class='ocrx_word' id='word_1_1' title='bbox 451 309 559 364; x_wconf 70' lang='lat' dir='ltr'>UBER</span> <span class='ocrx_word' id='word_1_2' title='bbox 583 311 640 367; x_wconf 78' lang='lat' dir='ltr'>XV.</span> 
     </span>
    </p>
   </div>
   <div class='ocr_carea' id='block_1_2' title="bbox 48 459 1033 3586">
    <p class='ocr_par' dir='ltr' id='par_1_2' title="bbox 49 459 1033 3087">
     <span class='ocr_line' id='line_1_2' title="bbox 49 459 776 546; baseline 0.004 -21"><span class='ocrx_word' id='word_1_3' title='bbox 49 461 93 526; x_wconf 86' lang='lat' dir='ltr'>Et</span> <span class='ocrx_word' id='word_1_4' title='bbox 107 464 197 546; x_wconf 89' lang='lat' dir='ltr'>lepus</span> <span class='ocrx_word' id='word_1_5' title='bbox 213 459 385 544; x_wconf 81' lang='lat' dir='ltr'>impavidus</span> <span class='ocrx_word' id='word_1_6' title='bbox 394 460 501 524; x_wconf 83' lang='lat' dir='ltr'>mediis</span> <span class='ocrx_word' id='word_1_7' title='bbox 515 461 623 524; x_wconf 83' lang='lat' dir='ltr'>errarit</span> <span class='ocrx_word' id='word_1_8' title='bbox 637 460 667 524; x_wconf 87' lang='lat' dir='ltr'>in</span> <span class='ocrx_word' id='word_1_9' title='bbox 683 462 776 543; x_wconf 77' lang='lat' dir='ltr'>agris:</span> 
     </span>
     <span class='ocr_line' id='line_1_3' title="bbox 51 558 819 641; baseline -0.003 -17"><span class='ocrx_word' id='word_1_10' title='bbox 51 559 119 624; x_wconf 90' lang='lat' dir='ltr'>Neo</span> <span class='ocrx_word' id='word_1_11' title='bbox 134 582 189 623; x_wconf 87' lang='lat' dir='ltr'>sua</span> <span class='ocrx_word' id='word_1_12' title='bbox 204 559 362 623; x_wconf 86' lang='lat' dir='ltr'><strong>credulitas</strong></span> <span class='ocrx_word' id='word_1_13' title='bbox 377 558 493 641; x_wconf 79' lang='lat' dir='ltr'>piscem</span> <span class='ocrx_word' id='word_1_14' title='bbox 504 558 699 641; x_wconf 80' lang='lat' dir='ltr'>suspenderat</span> <span class='ocrx_word' id='word_1_15' title='bbox 712 559 819 622; x_wconf 91' lang='lat' dir='ltr'>hamo:</span> 
     </span>
     <span class='ocr_line' id='line_1_4' title="bbox 53 655 880 740; baseline -0.001 -19"><span class='ocrx_word' id='word_1_16' title='bbox 53 657 174 721; x_wconf 71' lang='lat' dir='ltr'>Cuncta</span> <span class='ocrx_word' id='word_1_17' title='bbox 189 658 253 720; x_wconf 78' lang='lat' dir='ltr'>sirm</span> <span class='ocrx_word' id='word_1_18' title='bbox 268 656 388 733; x_wconf 78' lang='lat' dir='ltr'>insidiis,</span> <span class='ocrx_word' id='word_1_19' title='bbox 403 656 574 740; x_wconf 77' lang='lat' dir='ltr'>nullamque</span> <span class='ocrx_word' id='word_1_20' title='bbox 588 656 720 719; x_wconf 81' lang='lat' dir='ltr'>timentia</span> <span class='ocrx_word' id='word_1_21' title='bbox 735 655 880 735; x_wconf 77' lang='lat' dir='ltr'>fraudem,</span> 
     </span>
     <span class='ocr_line' id='line_1_5' title="bbox 55 752 906 839; baseline 0.001 -22"><span class='ocrx_word' id='word_1_22' title='bbox 55 755 210 839; x_wconf 87' lang='lat' dir='ltr'><strong>Plenaque</strong></span> <span class='ocrx_word' id='word_1_23' title='bbox 226 753 307 837; x_wconf 85' lang='lat' dir='ltr'>pacis</span> <span class='ocrx_word' id='word_1_24' title='bbox 323 766 414 815; x_wconf 86' lang='lat' dir='ltr'>erant.</span> <span class='ocrx_word' id='word_1_25' title='bbox 460 752 625 836; x_wconf 82' lang='lat' dir='ltr'>Postquam</span> <span class='ocrx_word' id='word_1_26' title='bbox 639 774 698 815; x_wconf 84' lang='lat' dir='ltr'>uon</span> <span class='ocrx_word' id='word_1_27' title='bbox 713 755 790 817; x_wconf 81' lang='lat' dir='ltr'>utilis</span> <span class='ocrx_word' id='word_1_28' title='bbox 804 769 906 820; x_wconf 82' lang='lat' dir='ltr'>auctor</span> 
     </span>
     <span class='ocr_line' id='line_1_6' title="bbox 58 849 1033 937; baseline 0.004 -23"><span class='ocrx_word' id='word_1_29' title='bbox 58 851 193 916; x_wconf 87' lang='lat' dir='ltr'>Victibus</span> <span class='ocrx_word' id='word_1_30' title='bbox 208 852 322 927; x_wconf 87' lang='lat' dir='ltr'>invidit,</span> <span class='ocrx_word' id='word_1_31' title='bbox 339 850 485 936; x_wconf 80' lang='lat' dir='ltr'>(quisquis</span> <span class='ocrx_word' id='word_1_32' title='bbox 500 849 555 913; x_wconf 83' lang='lat' dir='ltr'>fuit</span> <span class='ocrx_word' id='word_1_33' title='bbox 569 851 618 913; x_wconf 81' lang='lat' dir='ltr'>ille</span> <span class='ocrx_word' id='word_1_34' title='bbox 631 849 773 937; x_wconf 75' lang='lat' dir='ltr'>uirorum)</span> <span class='ocrx_word' id='word_1_35' title='bbox 990 856 1033 918; x_wconf 88' lang='grc'>45</span> 
     </span>
     <span class='ocr_line' id='line_1_7' title="bbox 57 949 856 1034; baseline 0 -21"><span class='ocrx_word' id='word_1_36' title='bbox 57 950 287 1034; x_wconf 74' lang='lat' dir='ltr'>corporeasque</span> <span class='ocrx_word' id='word_1_37' title='bbox 300 949 392 1033; x_wconf 86' lang='lat' dir='ltr'>dapes</span> <span class='ocrx_word' id='word_1_38' title='bbox 406 949 523 1012; x_wconf 75' lang='lat' dir='ltr'>asidam</span> <span class='ocrx_word' id='word_1_39' title='bbox 539 949 680 1012; x_wconf 80' lang='lat' dir='ltr'><strong>demersit</strong></span> <span class='ocrx_word' id='word_1_40' title='bbox 694 949 723 1012; x_wconf 84' lang='lat' dir='ltr'>iu</span> <span class='ocrx_word' id='word_1_41' title='bbox 739 952 839 1013; x_wconf 78' lang='lat' dir='ltr'>alvum</span> <span class='ocrx_word' id='word_1_42' title='bbox 847 973 856 1026; x_wconf 69' lang='grc' dir='ltr'><strong><em>ς</em></strong></span> 
     </span>
     <span class='ocr_line' id='line_1_8' title="bbox 57 1046 797 1130; baseline 0.004 -20"><span class='ocrx_word' id='word_1_43' title='bbox 57 1047 142 1111; x_wconf 86' lang='lat' dir='ltr'>Fecit</span> <span class='ocrx_word' id='word_1_44' title='bbox 158 1049 214 1111; x_wconf 86' lang='lat' dir='ltr'>iter</span> <span class='ocrx_word' id='word_1_45' title='bbox 227 1047 347 1111; x_wconf 71' lang='lat' dir='ltr'>sceleri:</span> <span class='ocrx_word' id='word_1_46' title='bbox 372 1046 526 1130; x_wconf 72' lang='lat' dir='ltr'>primique</span> <span class='ocrx_word' id='word_1_47' title='bbox 542 1069 559 1110; x_wconf 89' lang='lat' dir='ltr'>e</span> <span class='ocrx_word' id='word_1_48' title='bbox 574 1048 655 1110; x_wconf 81' lang='lat' dir='ltr'>cede</span> <span class='ocrx_word' id='word_1_49' title='bbox 670 1047 797 1113; x_wconf 83' lang='lat' dir='ltr'>serarum</span> 
     </span>
     <span class='ocr_line' id='line_1_9' title="bbox 57 1145 822 1228; baseline 0 -18"><span class='ocrx_word' id='word_1_50' title='bbox 57 1146 217 1210; x_wconf 81' lang='lat' dir='ltr'>incaluisse</span> <span class='ocrx_word' id='word_1_51' title='bbox 233 1160 340 1228; x_wconf 77' lang='lat' dir='ltr'>putem.</span> <span class='ocrx_word' id='word_1_52' title='bbox 349 1145 531 1209; x_wconf 83' lang='lat' dir='ltr'>maculatum</span> <span class='ocrx_word' id='word_1_53' title='bbox 545 1146 686 1228; x_wconf 85' lang='lat' dir='ltr'>sanguiue</span> <span class='ocrx_word' id='word_1_54' title='bbox 703 1146 822 1210; x_wconf 80' lang='lat' dir='ltr'>fertum.</span> 
     </span>
     <span class='ocr_line' id='line_1_10' title="bbox 58 1243 830 1329; baseline 0.003 -24"><span class='ocrx_word' id='word_1_55' title='bbox 58 1243 148 1329; x_wconf 88' lang='lat' dir='ltr'>quue</span> <span class='ocrx_word' id='word_1_56' title='bbox 164 1245 236 1306; x_wconf 89' lang='lat' dir='ltr'>satis</span> <span class='ocrx_word' id='word_1_57' title='bbox 251 1243 362 1307; x_wconf 68' lang='lat' dir='ltr'>deerat:</span> <span class='ocrx_word' id='word_1_58' title='bbox 385 1257 576 1327; x_wconf 74' lang='lat' dir='ltr'>nocuumque</span> <span class='ocrx_word' id='word_1_59' title='bbox 590 1245 726 1328; x_wconf 82' lang='lat' dir='ltr'>petentia</span> <span class='ocrx_word' id='word_1_60' title='bbox 736 1245 830 1307; x_wconf 80' lang='lat' dir='ltr'>letum</span> 
     </span>
     <span class='ocr_line' id='line_1_11' title="bbox 58 1341 1033 1426; baseline 0.001 -20"><span class='ocrx_word' id='word_1_61' title='bbox 58 1342 192 1426; x_wconf 82' lang='lat' dir='ltr'>Corpora</span> <span class='ocrx_word' id='word_1_62' title='bbox 206 1342 294 1405; x_wconf 75' lang='lat' dir='ltr'>missa</span> <span class='ocrx_word' id='word_1_63' title='bbox 306 1341 387 1418; x_wconf 75' lang='lat' dir='ltr'>occi,</span> <span class='ocrx_word' id='word_1_64' title='bbox 398 1341 482 1405; x_wconf 75' lang='lat' dir='ltr'>salvi</span> <span class='ocrx_word' id='word_1_65' title='bbox 496 1341 617 1424; x_wconf 79' lang='lat' dir='ltr'>pieta-te,</span> <span class='ocrx_word' id='word_1_66' title='bbox 632 1341 774 1406; x_wconf 77' lang='lat' dir='ltr'>iatemur:</span> <span class='ocrx_word' id='word_1_67' title='bbox 940 1407 942 1410; x_wconf 80' lang='grc'><strong>,</strong></span> <span class='ocrx_word' id='word_1_68' title='bbox 991 1345 1033 1407; x_wconf 83' lang='grc'>50</span> 
     </span>
     <span class='ocr_line' id='line_1_12' title="bbox 59 1439 881 1524; baseline 0.001 -22"><span class='ocrx_word' id='word_1_69' title='bbox 59 1439 114 1502; x_wconf 88' lang='lat' dir='ltr'>Sed</span> <span class='ocrx_word' id='word_1_70' title='bbox 131 1444 223 1524; x_wconf 82' lang='lat' dir='ltr'>quaim</span> <span class='ocrx_word' id='word_1_71' title='bbox 239 1439 336 1503; x_wconf 74' lang='lat' dir='ltr'>danda</span> <span class='ocrx_word' id='word_1_72' title='bbox 348 1440 426 1516; x_wconf 84' lang='lat' dir='ltr'>neci,</span> <span class='ocrx_word' id='word_1_73' title='bbox 442 1454 502 1505; x_wconf 89' lang='lat' dir='ltr'>tam</span> <span class='ocrx_word' id='word_1_74' title='bbox 517 1461 575 1501; x_wconf 88' lang='lat' dir='ltr'>non</span> <span class='ocrx_word' id='word_1_75' title='bbox 591 1441 739 1522; x_wconf 86' lang='lat' dir='ltr'>epulanda</span> <span class='ocrx_word' id='word_1_76' title='bbox 753 1439 881 1503; x_wconf 74' lang='lat' dir='ltr'>suerunt.</span> 
     </span>
     <span class='ocr_line' id='line_1_13' title="bbox 59 1535 767 1620; baseline 0 -19"><span class='ocrx_word' id='word_1_77' title='bbox 59 1536 189 1620; x_wconf 75' lang='lat' dir='ltr'>longius</span> <span class='ocrx_word' id='word_1_78' title='bbox 202 1535 274 1600; x_wconf 73' lang='lat' dir='ltr'>iudo</span> <span class='ocrx_word' id='word_1_79' title='bbox 285 1535 369 1601; x_wconf 75' lang='lat' dir='ltr'>naias</span> <span class='ocrx_word' id='word_1_80' title='bbox 382 1536 469 1601; x_wconf 73' lang='lat' dir='ltr'>abiit:</span> <span class='ocrx_word' id='word_1_81' title='bbox 493 1549 524 1600; x_wconf 86' lang='lat' dir='ltr'>ct</span> <span class='ocrx_word' id='word_1_82' title='bbox 538 1536 633 1620; x_wconf 86' lang='lat' dir='ltr'>prima</span> <span class='ocrx_word' id='word_1_83' title='bbox 646 1552 767 1620; x_wconf 82' lang='lat' dir='ltr'>putatur</span> 
     </span>
     <span class='ocr_line' id='line_1_14' title="bbox 59 1633 804 1720; baseline 0.001 -22"><span class='ocrx_word' id='word_1_84' title='bbox 59 1633 161 1698; x_wconf 79' lang='lat' dir='ltr'>iiostia</span> <span class='ocrx_word' id='word_1_85' title='bbox 175 1655 230 1698; x_wconf 72' lang='lat' dir='ltr'>suo</span> <span class='ocrx_word' id='word_1_86' title='bbox 240 1635 382 1699; x_wconf 85' lang='lat' dir='ltr'>meruisse</span> <span class='ocrx_word' id='word_1_87' title='bbox 396 1635 483 1712; x_wconf 86' lang='lat' dir='ltr'>mori,</span> <span class='ocrx_word' id='word_1_88' title='bbox 497 1636 565 1719; x_wconf 82' lang='lat' dir='ltr'>quia</span> <span class='ocrx_word' id='word_1_89' title='bbox 579 1635 691 1698; x_wconf 81' lang='lat' dir='ltr'>semina</span> <span class='ocrx_word' id='word_1_90' title='bbox 705 1637 804 1720; x_wconf 83' lang='lat' dir='ltr'>paodo</span> 
     </span>
     <span class='ocr_line' id='line_1_15' title="bbox 60 1727 751 1817; baseline 0.003 -22"><span class='ocrx_word' id='word_1_91' title='bbox 60 1727 174 1796; x_wconf 83' lang='lat' dir='ltr'>Emerit</span> <span class='ocrx_word' id='word_1_92' title='bbox 189 1747 295 1811; x_wconf 85' lang='lat' dir='ltr'>rostro,</span> <span class='ocrx_word' id='word_1_93' title='bbox 306 1755 453 1817; x_wconf 74' lang='lat' dir='ltr'>spemque</span> <span class='ocrx_word' id='word_1_94' title='bbox 467 1733 658 1816; x_wconf 76' lang='lat' dir='ltr'>interceperit</span> <span class='ocrx_word' id='word_1_95' title='bbox 672 1735 751 1797; x_wconf 84' lang='lat' dir='ltr'>anni.</span> 
     </span>
     <span class='ocr_line' id='line_1_16' title="bbox 61 1829 1031 1915; baseline 0.002 -21"><span class='ocrx_word' id='word_1_96' title='bbox 61 1829 125 1894; x_wconf 83' lang='lat' dir='ltr'>Vite</span> <span class='ocrx_word' id='word_1_97' title='bbox 140 1853 234 1915; x_wconf 87' lang='lat' dir='ltr'>caper</span> <span class='ocrx_word' id='word_1_98' title='bbox 247 1829 344 1894; x_wconf 73' lang='lat' dir='ltr'>morsi</span> <span class='ocrx_word' id='word_1_99' title='bbox 358 1830 474 1897; x_wconf 77' lang='lat' dir='ltr'>Bacchi</span> <span class='ocrx_word' id='word_1_100' title='bbox 487 1833 659 1896; x_wconf 82' lang='lat' dir='ltr'>mactandus</span> <span class='ocrx_word' id='word_1_101' title='bbox 674 1833 712 1896; x_wconf 90' lang='lat' dir='ltr'>ad</span> <span class='ocrx_word' id='word_1_102' title='bbox 726 1855 791 1896; x_wconf 80' lang='lat' dir='ltr'>aras</span> <span class='ocrx_word' id='word_1_103' title='bbox 988 1834 1031 1896; x_wconf 74' lang='lat'>55</span> 
     </span>
     <span class='ocr_line' id='line_1_17' title="bbox 59 1927 773 2013; baseline -0.001 -21"><span class='ocrx_word' id='word_1_104' title='bbox 59 1927 184 1992; x_wconf 89' lang='lat' dir='ltr'>Ducitur</span> <span class='ocrx_word' id='word_1_105' title='bbox 197 1929 308 1992; x_wconf 69' lang='lat' dir='ltr'>ultoris</span> <span class='ocrx_word' id='word_1_106' title='bbox 352 1927 464 1992; x_wconf 82' lang='lat' dir='ltr'>Nocuit</span> <span class='ocrx_word' id='word_1_107' title='bbox 478 1951 531 1993; x_wconf 89' lang='lat' dir='ltr'>sua</span> <span class='ocrx_word' id='word_1_108' title='bbox 545 1931 634 2013; x_wconf 86' lang='lat' dir='ltr'>culpa</span> <span class='ocrx_word' id='word_1_109' title='bbox 648 1930 773 1993; x_wconf 89' lang='lat' dir='ltr'>duobus.</span> 
     </span>
     <span class='ocr_line' id='line_1_18' title="bbox 60 2023 925 2112; baseline 0.002 -24"><span class='ocrx_word' id='word_1_110' title='bbox 60 2023 136 2100; x_wconf 83' lang='lat' dir='ltr'>Quid</span> <span class='ocrx_word' id='word_1_111' title='bbox 151 2026 298 2089; x_wconf 87' lang='lat' dir='ltr'>meruistis</span> <span class='ocrx_word' id='word_1_112' title='bbox 312 2049 396 2104; x_wconf 79' lang='lat' dir='ltr'>oves,</span> <span class='ocrx_word' id='word_1_113' title='bbox 412 2027 561 2111; x_wconf 79' lang='lat' dir='ltr'>placidum</span> <span class='ocrx_word' id='word_1_114' title='bbox 576 2050 679 2111; x_wconf 83' lang='lat' dir='ltr'>pecus,</span> <span class='ocrx_word' id='word_1_115' title='bbox 694 2028 786 2112; x_wconf 82' lang='lat' dir='ltr'>inque</span> <span class='ocrx_word' id='word_1_116' title='bbox 798 2025 925 2090; x_wconf 88' lang='lat' dir='ltr'>tuendos</span> 
     </span>
     <span class='ocr_line' id='line_1_19' title="bbox 59 2122 891 2208; baseline 0.005 -22"><span class='ocrx_word' id='word_1_117' title='bbox 59 2122 164 2187; x_wconf 67' lang='lat' dir='ltr'>datum</span> <span class='ocrx_word' id='word_1_118' title='bbox 181 2124 327 2201; x_wconf 81' lang='lat' dir='ltr'>homines,</span> <span class='ocrx_word' id='word_1_119' title='bbox 341 2125 431 2207; x_wconf 79' lang='lat' dir='ltr'>pleno</span> <span class='ocrx_word' id='word_1_120' title='bbox 446 2147 509 2208; x_wconf 86' lang='lat' dir='ltr'>quae</span> <span class='ocrx_word' id='word_1_121' title='bbox 525 2125 604 2188; x_wconf 76' lang='lat' dir='ltr'>sertis</span> <span class='ocrx_word' id='word_1_122' title='bbox 619 2127 648 2189; x_wconf 90' lang='lat' dir='ltr'>in</span> <span class='ocrx_word' id='word_1_123' title='bbox 663 2127 755 2189; x_wconf 77' lang='lat' dir='ltr'>ubem</span> <span class='ocrx_word' id='word_1_124' title='bbox 769 2127 891 2190; x_wconf 79' lang='lat' dir='ltr'>nectari</span> 
     </span>
     <span class='ocr_line' id='line_1_20' title="bbox 60 2219 720 2305; baseline 0.006 -21"><span class='ocrx_word' id='word_1_125' title='bbox 60 2219 158 2285; x_wconf 88' lang='lat' dir='ltr'>Mollia</span> <span class='ocrx_word' id='word_1_126' title='bbox 173 2244 238 2305; x_wconf 88' lang='lat' dir='ltr'>quae</span> <span class='ocrx_word' id='word_1_127' title='bbox 254 2223 338 2286; x_wconf 77' lang='lat' dir='ltr'>nobis</span> <span class='ocrx_word' id='word_1_128' title='bbox 352 2235 464 2286; x_wconf 81' lang='lat' dir='ltr'>vestras</span> <span class='ocrx_word' id='word_1_129' title='bbox 479 2224 625 2287; x_wconf 83' lang='lat' dir='ltr'>uelamina</span> <span class='ocrx_word' id='word_1_130' title='bbox 639 2225 720 2288; x_wconf 79' lang='lat' dir='ltr'>lanas</span> 
     </span>
     <span class='ocr_line' id='line_1_21' title="bbox 59 2318 1030 2405; baseline 0.004 -23"><span class='ocrx_word' id='word_1_131' title='bbox 59 2318 207 2396; x_wconf 79' lang='lat' dir='ltr'>Praebetis,</span> <span class='ocrx_word' id='word_1_132' title='bbox 222 2318 343 2403; x_wconf 69' lang='lat' dir='ltr'>titique</span> <span class='ocrx_word' id='word_1_133' title='bbox 357 2319 461 2402; x_wconf 75' lang='lat' dir='ltr'>mag&#39;u,</span> <span class='ocrx_word' id='word_1_134' title='bbox 476 2322 565 2404; x_wconf 75' lang='lat' dir='ltr'>quim</span> <span class='ocrx_word' id='word_1_135' title='bbox 580 2336 674 2383; x_wconf 89' lang='lat' dir='ltr'>morte</span> <span class='ocrx_word' id='word_1_136' title='bbox 685 2322 805 2405; x_wconf 82' lang='lat' dir='ltr'>juvatis.</span> <span class='ocrx_word' id='word_1_137' title='bbox 987 2323 1030 2386; x_wconf 82' lang='lat'>60</span> 
     </span>
     <span class='ocr_line' id='line_1_22' title="bbox 59 2417 885 2503; baseline 0 -23"><span class='ocrx_word' id='word_1_138' title='bbox 59 2417 135 2491; x_wconf 82' lang='lat' dir='ltr'>Quid</span> <span class='ocrx_word' id='word_1_139' title='bbox 151 2417 288 2480; x_wconf 68' lang='lat' dir='ltr'>meruere</span> <span class='ocrx_word' id='word_1_140' title='bbox 304 2417 409 2494; x_wconf 84' lang='lat' dir='ltr'>boves,</span> <span class='ocrx_word' id='word_1_141' title='bbox 422 2418 528 2481; x_wconf 70' lang='lat' dir='ltr'>anina}</span> <span class='ocrx_word' id='word_1_142' title='bbox 544 2419 608 2480; x_wconf 88' lang='lat' dir='ltr'>sine</span> <span class='ocrx_word' id='word_1_143' title='bbox 622 2417 725 2480; x_wconf 85' lang='lat' dir='ltr'>fraude</span> <span class='ocrx_word' id='word_1_144' title='bbox 739 2418 885 2503; x_wconf 82' lang='lat' dir='ltr'>dolisque,</span> 
     </span>
     <span class='ocr_line' id='line_1_23' title="bbox 56 2512 790 2598; baseline 0.004 -21"><span class='ocrx_word' id='word_1_145' title='bbox 56 2512 228 2593; x_wconf 81' lang='lat' dir='ltr'>innocuum,</span> <span class='ocrx_word' id='word_1_146' title='bbox 243 2515 499 2598; x_wconf 79' lang='lat' dir='ltr'>siruplex‚.namm</span> <span class='ocrx_word' id='word_1_147' title='bbox 515 2516 640 2581; x_wconf 83' lang='lat' dir='ltr'>tolerare</span> <span class='ocrx_word' id='word_1_148' title='bbox 655 2517 790 2581; x_wconf 85' lang='lat' dir='ltr'>labores?</span> 
     </span>
     <span class='ocr_line' id='line_1_24' title="bbox 55 2610 889 2697; baseline 0.004 -22"><span class='ocrx_word' id='word_1_149' title='bbox 55 2610 214 2677; x_wconf 75' lang='lat' dir='ltr'>immemor</span> <span class='ocrx_word' id='word_1_150' title='bbox 228 2626 274 2677; x_wconf 87' lang='lat' dir='ltr'>est</span> <span class='ocrx_word' id='word_1_151' title='bbox 287 2612 420 2690; x_wconf 78' lang='lat' dir='ltr'>denmm,</span> <span class='ocrx_word' id='word_1_152' title='bbox 434 2634 491 2676; x_wconf 85' lang='lat' dir='ltr'>uec</span> <span class='ocrx_word' id='word_1_153' title='bbox 506 2613 623 2696; x_wconf 82' lang='lat' dir='ltr'>frugum</span> <span class='ocrx_word' id='word_1_154' title='bbox 637 2635 759 2678; x_wconf 88' lang='lat' dir='ltr'>munere</span> <span class='ocrx_word' id='word_1_155' title='bbox 774 2615 889 2697; x_wconf 82' lang='lat' dir='ltr'>dignus,</span> 
     </span>
     <span class='ocr_line' id='line_1_25' title="bbox 55 2709 811 2796; baseline 0.005 -24"><span class='ocrx_word' id='word_1_156' title='bbox 55 2709 114 2783; x_wconf 84' lang='lat' dir='ltr'>Qui</span> <span class='ocrx_word' id='word_1_157' title='bbox 130 2711 228 2794; x_wconf 91' lang='lat' dir='ltr'>potuit</span> <span class='ocrx_word' id='word_1_158' title='bbox 241 2711 324 2774; x_wconf 86' lang='lat' dir='ltr'>curvi</span> <span class='ocrx_word' id='word_1_159' title='bbox 339 2711 461 2794; x_wconf 72' lang='lat' dir='ltr'>deruptu</span> <span class='ocrx_word' id='word_1_160' title='bbox 474 2712 567 2776; x_wconf 83' lang='lat' dir='ltr'>modd</span> <span class='ocrx_word' id='word_1_161' title='bbox 579 2713 710 2796; x_wconf 87' lang='lat' dir='ltr'>pondere</span> <span class='ocrx_word' id='word_1_162' title='bbox 725 2714 811 2776; x_wconf 79' lang='lat' dir='ltr'>aratri</span> 
     </span>
     <span class='ocr_line' id='line_1_26' title="bbox 53 2807 1029 2895; baseline 0.004 -25"><span class='ocrx_word' id='word_1_163' title='bbox 53 2807 226 2872; x_wconf 87' lang='lat' dir='ltr'>Ruricolam</span> <span class='ocrx_word' id='word_1_164' title='bbox 240 2822 370 2874; x_wconf 68' lang='lat' dir='ltr'>mwmre</span> <span class='ocrx_word' id='word_1_165' title='bbox 384 2830 489 2872; x_wconf 84' lang='lat' dir='ltr'>suum:</span> <span class='ocrx_word' id='word_1_166' title='bbox 513 2811 563 2895; x_wconf 92' lang='lat' dir='ltr'>qui</span> <span class='ocrx_word' id='word_1_167' title='bbox 578 2811 645 2875; x_wconf 80' lang='lat' dir='ltr'>trita</span> <span class='ocrx_word' id='word_1_168' title='bbox 659 2811 759 2874; x_wconf 83' lang='lat' dir='ltr'>labore</span> <span class='ocrx_word' id='word_1_169' title='bbox 986 2811 1029 2874; x_wconf 88' lang='grc'>65</span> 
     </span>
     <span class='ocr_line' id='line_1_27' title="bbox 54 2905 796 2991; baseline 0.001 -22"><span class='ocrx_word' id='word_1_170' title='bbox 54 2905 114 2985; x_wconf 85' lang='lat' dir='ltr'>ssla,</span> <span class='ocrx_word' id='word_1_171' title='bbox 131 2907 237 2991; x_wconf 89' lang='lat' dir='ltr'>quibus</span> <span class='ocrx_word' id='word_1_172' title='bbox 252 2907 340 2971; x_wconf 78' lang='lat' dir='ltr'>toties</span> <span class='ocrx_word' id='word_1_173' title='bbox 353 2906 460 2969; x_wconf 90' lang='lat' dir='ltr'>durum</span> <span class='ocrx_word' id='word_1_174' title='bbox 475 2922 669 2972; x_wconf 85' lang='lat' dir='ltr'>renovaverat</span> <span class='ocrx_word' id='word_1_175' title='bbox 682 2929 796 2984; x_wconf 88' lang='lat' dir='ltr'>arvum,</span> 
     </span>
     <span class='ocr_line' id='line_1_28' title="bbox 51 3004 756 3087; baseline 0.004 -21"><span class='ocrx_word' id='word_1_176' title='bbox 51 3004 111 3068; x_wconf 88' lang='lat' dir='ltr'>Tot</span> <span class='ocrx_word' id='word_1_177' title='bbox 128 3005 251 3068; x_wconf 82' lang='lat' dir='ltr'>dederat</span> <span class='ocrx_word' id='word_1_178' title='bbox 264 3026 387 3081; x_wconf 78' lang='lat' dir='ltr'>messes,</span> <span class='ocrx_word' id='word_1_179' title='bbox 403 3006 547 3087; x_wconf 79' lang='lat' dir='ltr'>percussit</span> <span class='ocrx_word' id='word_1_180' title='bbox 561 3007 638 3069; x_wconf 89' lang='lat' dir='ltr'>colla</span> <span class='ocrx_word' id='word_1_181' title='bbox 651 3007 756 3069; x_wconf 86' lang='lat' dir='ltr'>securi.</span> 
     </span>
    </p>

    <p class='ocr_par' dir='ltr' id='par_1_3' title="bbox 48 3102 1030 3586">
     <span class='ocr_line' id='line_1_29' title="bbox 90 3102 909 3189; baseline 0.002 -22"><span class='ocrx_word' id='word_1_182' title='bbox 90 3102 122 3167; x_wconf 91' lang='lat' dir='ltr'><strong>N</strong></span> <span class='ocrx_word' id='word_1_183' title='bbox 124 3125 160 3166; x_wconf 86' lang='lat' dir='ltr'>ec</span> <span class='ocrx_word' id='word_1_184' title='bbox 174 3103 243 3166; x_wconf 83' lang='lat' dir='ltr'>satis</span> <span class='ocrx_word' id='word_1_185' title='bbox 257 3116 313 3180; x_wconf 75' lang='lat' dir='ltr'>cst,</span> <span class='ocrx_word' id='word_1_186' title='bbox 329 3102 410 3186; x_wconf 75' lang='lat' dir='ltr'>quid</span> <span class='ocrx_word' id='word_1_187' title='bbox 424 3102 484 3167; x_wconf 83' lang='lat' dir='ltr'>talc</span> <span class='ocrx_word' id='word_1_188' title='bbox 498 3103 580 3169; x_wconf 81' lang='lat' dir='ltr'>nefas</span> <span class='ocrx_word' id='word_1_189' title='bbox 596 3104 806 3169; x_wconf 85' lang='lat' dir='ltr'>committitur:</span> <span class='ocrx_word' id='word_1_190' title='bbox 829 3105 909 3189; x_wconf 87' lang='lat' dir='ltr'>ipsos</span> 
     </span>
     <span class='ocr_line' id='line_1_30' title="bbox 51 3200 812 3287; baseline 0.003 -23"><span class='ocrx_word' id='word_1_191' title='bbox 51 3202 229 3285; x_wconf 71' lang='lat' dir='ltr'>inscripsere</span> <span class='ocrx_word' id='word_1_192' title='bbox 244 3201 316 3267; x_wconf 75' lang='lat' dir='ltr'>deos</span> <span class='ocrx_word' id='word_1_193' title='bbox 331 3200 448 3278; x_wconf 84' lang='lat' dir='ltr'>sceleri,</span> <span class='ocrx_word' id='word_1_194' title='bbox 462 3222 632 3287; x_wconf 83' lang='lat' dir='ltr'>numenque</span> <span class='ocrx_word' id='word_1_195' title='bbox 651 3224 812 3287; x_wconf 85' lang='lat' dir='ltr'>supernum</span> 
     </span>
     <span class='ocr_line' id='line_1_31' title="bbox 48 3297 1030 3384; baseline -0.001 -20"><span class='ocrx_word' id='word_1_196' title='bbox 48 3299 142 3364; x_wconf 86' lang='lat' dir='ltr'>Caede</span> <span class='ocrx_word' id='word_1_197' title='bbox 156 3297 304 3366; x_wconf 61' lang='lat' dir='ltr'>laboritm</span> <span class='ocrx_word' id='word_1_198' title='bbox 319 3298 445 3365; x_wconf 84' lang='lat' dir='ltr'>credunt</span> <span class='ocrx_word' id='word_1_199' title='bbox 459 3299 587 3380; x_wconf 82' lang='lat' dir='ltr'>gaudere</span> <span class='ocrx_word' id='word_1_200' title='bbox 597 3299 732 3384; x_wconf 83' lang='lat' dir='ltr'>juvenci.</span> <span class='ocrx_word' id='word_1_201' title='bbox 986 3304 1030 3363; x_wconf 81' lang='lat'>70</span> 
     </span>
     <span class='ocr_line' id='line_1_32' title="bbox 48 3395 815 3479; baseline 0 -19"><span class='ocrx_word' id='word_1_202' title='bbox 48 3395 181 3461; x_wconf 89' lang='lat' dir='ltr'>Victima</span> <span class='ocrx_word' id='word_1_203' title='bbox 194 3397 262 3460; x_wconf 90' lang='lat' dir='ltr'>labe</span> <span class='ocrx_word' id='word_1_204' title='bbox 278 3413 394 3474; x_wconf 76' lang='lat' dir='ltr'>careus,</span> <span class='ocrx_word' id='word_1_205' title='bbox 410 3409 441 3459; x_wconf 79' lang='lat' dir='ltr'>et</span> <span class='ocrx_word' id='word_1_206' title='bbox 455 3398 692 3479; x_wconf 76' lang='lat' dir='ltr'>prestantissima</span> <span class='ocrx_word' id='word_1_207' title='bbox 710 3398 815 3476; x_wconf 72' lang='lat' dir='ltr'>sonui,</span> 
     </span>
     <span class='ocr_line' id='line_1_33' title="bbox 48 3493 830 3586; baseline 0.001 -26"><span class='ocrx_word' id='word_1_208' title='bbox 48 3494 146 3584; x_wconf 91' lang='lat' dir='ltr'>(Nam</span> <span class='ocrx_word' id='word_1_209' title='bbox 161 3495 307 3580; x_wconf 78' lang='lat' dir='ltr'>placuisse</span> <span class='ocrx_word' id='word_1_210' title='bbox 323 3493 427 3580; x_wconf 79' lang='lat' dir='ltr'>uocat)</span> <span class='ocrx_word' id='word_1_211' title='bbox 445 3494 523 3560; x_wconf 82' lang='lat' dir='ltr'>vittis</span> <span class='ocrx_word' id='word_1_212' title='bbox 537 3497 687 3580; x_wconf 74' lang='lat' dir='ltr'>praesignis</span> <span class='ocrx_word' id='word_1_213' title='bbox 702 3512 732 3560; x_wconf 90' lang='lat' dir='ltr'>et</span> <span class='ocrx_word' id='word_1_214' title='bbox 747 3517 830 3586; x_wconf 69' lang='lat' dir='ltr'>auro,</span> 
     </span>
    </p>
   </div>
   <div class='ocr_carea' id='block_1_3' title="bbox 0 0 1188 4110">
    <p class='ocr_par' dir='ltr' id='par_1_4' title="bbox 0 0 1188 4110">
     <span class='ocr_line' id='line_1_34' title="bbox 0 0 1188 4110; baseline 0 0"><span class='ocrx_word' id='word_1_215' title='bbox 0 0 1188 4110; x_wconf 95' lang='lat' dir='ltr'> </span> 
     </span>
    </p>
   </div>
  </div>
 </body>
</html>
