2356 4110
100 329 161 391 124
411 332 758 382 METAMORPHOSEON

97 486 159 549 Sed
173 499 272 547 tamen
287 497 411 545 eventus
426 497 539 561 vestrae,
554 474 718 560 fortissime,
734 506 840 567 pugnae

98 582 176 658 Quis
191 583 264 645 fuit?
286 581 401 644 Hector
415 582 474 645 abit
488 582 612 644 violatus
628 582 749 643 vulnere
768 582 860 645 nullo.

140 681 195 745 Me
210 682 360 758 miserum,
375 695 485 765 quanto
498 702 588 762 cogor
602 681 768 742 meminisse
785 680 886 743 dolore
1007 683 1054 745 080

98 778 257 862 Temporis
272 779 369 856 illius3
393 801 462 863 quo,
477 777 601 863 Grajirm
616 800 727 855 murus,
742 779 878 841 Achilles

99 877 277 940 Procubuit!
300 876 368 940 Nec
382 898 430 938 me
446 876 594 960 lacryma,
608 877 753 952 luctusve,
767 876 893 938 timorve

99 975 278 1052 Turdorum,
294 975 362 1058 quin
378 996 485 1058 corpus
500 975 591 1035 humo
606 973 730 1035 sublime
745 972 896 1036 referrem.

100 1072 157 1136 His
173 1073 311 1149 humeris,
326 1073 382 1149 his,
398 1073 529 1155 inquam,
544 1072 673 1133 humeris
688 1093 746 1152 ego
759 1092 869 1154 corpus
883 1072 1018 1151 Achillis,

96 1170 142 1233 Et
157 1172 243 1233 simul
259 1191 338 1232 arma
353 1169 424 1231 tuli:
448 1192 512 1252 quae
526 1191 604 1230 nunc
621 1190 738 1253 quoqne
754 1167 828 1231 ferre
843 1169 957 1234 laboro.
1014 1171 1064 1233 285

102 1268 178 1330 Sunt
192 1268 276 1343 mihi,
292 1289 357 1350 quae
374 1267 489 1327 valeant
505 1267 534 1327 in
549 1266 618 1327 talia
633 1267 774 1349 pondera,
790 1267 885 1330 vires:

103 1363 158 1424 Est
173 1362 286 1423 animus
303 1374 413 1422 vestros
429 1362 510 1422 certe
526 1383 662 1422 sensurus
678 1362 815 1423 honores.

103 1460 224 1522 Scilicet
238 1458 346 1526 idcirco
361 1480 414 1541 pro
429 1471 520 1540 gnato
532 1459 638 1520 caerula
651 1473 748 1520 mater

104 1558 268 1621 Ambitiosa
282 1578 336 1618 suo
350 1556 413 1633 luit,
428 1570 461 1618 ut
475 1558 608 1619 coelestia
622 1557 709 1632 dona,

104 1655 187 1718 Artis
200 1676 275 1738 opus
289 1668 387 1731 tantae,
403 1654 482 1716 rudis
498 1668 528 1716 et
542 1655 604 1716 sine
620 1667 741 1736 pectore
762 1653 848 1715 miles
1019 1657 1075 1718 290

104 1753 264 1817 Indueret?
287 1773 383 1836 neque
398 1753 476 1814 enim
491 1753 591 1835 clypei
605 1752 757 1813 caelamina
772 1751 858 1828 norit,

105 1852 273 1927 Oceanum,
289 1864 319 1912 et
334 1863 434 1927 terras,
450 1871 578 1934 cumque
594 1850 652 1911 alto
667 1849 766 1910 sidera'
776 1849 865 1926 coelo,

105 1947 315 2031 Pleiadasque,
332 1945 525 2030 Hyadesque,
541 1946 760 2029 immunemque
776 1945 899 2028 aequoris
913 1946 1040 2022 Arcton,

106 2045 306 2128 Diversasque
321 2045 419 2121 urbes,
433 2044 617 2126 nitidumque
633 2042 751 2104 Orionis
767 2063 882 2104 ensem.

107 2142 242 2203 Postulat
258 2155 289 2202 ut
303 2142 411 2222 capiat,
427 2163 490 2224 quae
506 2162 564 2203 non
579 2140 722 2223 intelligit,
738 2161 828 2202 arma.
1021 2142 1083 2203 295

151 2238 256 2312 Quid?
280 2238 359 2320 qudd
373 2259 432 2316 me,
449 2237 512 2300 duri
527 2235 688 2320 fugientem
701 2261 825 2302 munera
838 2239 922 2316 belli,

109 2338 216 2419 Arguit
230 2337 349 2418 incepto
364 2358 461 2398 serum
477 2337 634 2399 accessisse
649 2337 763 2399 labori?

110 2433 176 2497 Nec
192 2457 223 2496 se
239 2434 426 2514 magnanimo
440 2434 617 2496 maledicere
632 2435 719 2495 sentit
739 2433 874 2497 Achilli?

110 2532 142 2595 Si
157 2530 309 2593 sirnuldsse
325 2545 411 2593 vocat
426 2532 548 2609 crimen,
564 2531 764 2593 simulavimus
779 2532 878 2593 ambo.

111 2629 142 2691 Si
158 2649 241 2689 mora
256 2648 309 2711 pro
323 2627 413 2711 culpd
428 2642 490 2706 est;
513 2651 569 2712 ego
584 2651 649 2691 sum
663 2630 802 2691 maturior
816 2630 877 2692 illo.
1025 2631 1091 2717 300

111 2727 165 2789 Me
181 2727 230 2811 pia
245 2725 369 2789 detinuit
383 2727 510 2812 conjux:
534 2727 582 2811 pia
596 2741 692 2788 mater
706 2728 865 2789 Achillen:

112 2826 271 2910 Primaque
286 2839 354 2888 sunt
368 2826 423 2889 illis
438 2825 507 2889 data
520 2839 664 2908 tempora,
680 2839 785 2886 catera
800 2825 894 2887 vobis.

113 2922 204 2984 Haud
218 2924 319 3000 timeo,
335 2925 359 2986 si
370 2924 432 3008 jam
447 2946 564 3007 nequeo
578 2922 736 2985 defendere
751 2923 862 2984 crimen

114 3019 195 3081 Cum
209 3034 290 3081 tanto
304 3042 463 3082 commune
480 3022 551 3082 viro.
597 3020 770 3103 Deprensus
786 3019 905 3102 Ulyssis

114 3115 237 3199 Ingenio
252 3131 351 3178 tamen
366 3118 415 3178 ille
428 3139 438 3192 ;
460 3131 489 3177 at
503 3140 562 3179 non
577 3118 689 3201 AjaciS,
704 3116 842 3200 Ulysses.
1030 3118 1096 3180 305

158 3214 245 3277 Neve
260 3215 289 3276 in
305 3236 353 3276 me
368 3215 478 3276 stolidae
492 3217 624 3277 convicia
640 3215 761 3276 fundere
776 3215 886 3295 linguae

117 3314 306 3375 Admiremur
321 3333 407 3374 enm:
431 3312 513 3373 vobis
530 3334 646 3396 quoque
662 3313 750 3394 digna
766 3312 879 3396 pudore

117 3411 240 3496 Objicit.
288 3413 338 3473 An
353 3410 425 3473 falso
440 3409 622 3472 Palameden
638 3412 759 3473 crimine
773 3425 859 3494 turpe

118 3506 284 3570 Accusrisse
299 3507 382 3583 mihi,
398 3507 480 3569 vobis
495 3505 650 3568 damnasse
664 3506 805 3569 dccomm
821 3508 889 3568 est?
