2356 4110
459 121 643 198 lFASTI.

458 345 648 357 --—

168 503 256 568 LIB.
272 500 328 564 Ill.
347 504 376 564 l.
413 498 500 563 LIB.
515 497 558 560 11.
574 499 648 561 383.
686 495 773 560 LlB.
788 493 847 559 IV.
863 497 938 561 809.

374 667 525 710 Romanus
548 667 591 708 ΕΤ
613 665 732 708 nutius·

80 793 226 871 Brauon,
243 794 383 878 depositis
396 794 506 877 clypeo
520 792 671 876 paulisper
684 804 715 854 et
734 789 831 869 hasti,

109 893 200 970 Mars,
216 893 304 970 ades3
327 907 358 954 et
372 890 477 954 nitidas
491 889 605 954 casside
620 890 703 952 solve
718 909 830 952 comas.

79 984 135 1070 lpse
149 991 233 1053 vides
247 990 382 1052 manibus
397 989 497 1072 peragi
513 988 574 1051 sera
589 989 667 1051 bella
681 987 838 1051 Minervae.

10 1136 12 1143 .
111 1087 192 1150 Num
206 1087 303 1150 mimis
318 1087 451 1169 ingenuis
467 1086 575 1149 artibus
590 1086 640 1148 illa
654 1087 761 1148 vacat?

75 1176 196 1248 Palladis
211 1185 352 1268 exemplo
367 1184 511 1268 ponendae
527 1197 661 1266 tempora
675 1204 760 1247 sume

113 1282 269 1366 Cuspidis:
293 1282 426 1344 invenies
439 1295 471 1344 et
487 1281 566 1366 quod
581 1281 699 1344 inermis
714 1301 795 1364 agas.

66 1368 149 1442 Tum
163 1402 282 1465 quoque
297 1380 415 1443 inermis
431 1401 505 1457 eras,
520 1380 588 1442 cum
604 1393 634 1442 te
649 1378 790 1442 Romana
803 1377 940 1441 sacerdos

113 1477 211 1561 Cepit,
226 1490 260 1539 ut
273 1477 343 1540 huic
357 1477 434 1541 Urbi
449 1476 562 1540 semina
577 1477 665 1559 digna
679 1477 775 1539 dares.

55 1557 124 1636 flia
139 1574 268 1638 Vestalis
284 1574 370 1661 (quid
385 1575 464 1639 enim
480 1588 560 1637 vetat
575 1575 644 1637 inde
659 1573 772 1638 moveri
781 1570 809 1659 l)

114 1671 202 1736 Sacra
215 1673 363 1736 lavaturas
376 1673 464 1734 man'e
480 1673 601 1756 petebat
616 1694 717 1757 aquas.
1008 1675 1050 1735 10

51 1748 204 1833 Ventum
220 1784 283 1834 erat
297 1770 336 1832 ad
351 1771 432 1833 molli
447 1770 594 1833 declivem
609 1770 725 1833 tramite
739 1770 850 1854 ripam:

114 1865 238 1931 Ponitur
251 1887 268 1928 e
284 1866 401 1930 summai
414 1867 510 1930 fictilis
524 1864 598 1930 urna
611 1866 710 1930 eumd.

50 1941 164 2026 l³'essa
177 1965 287 2027 resedit
302 1964 402 2041 humi;
423 1978 588 2049 ventosque
603 1964 720 2047 accepit
733 1977 837 2048 aperto

113 2061 260 2142 Pectore,
281 2063 411 2126 turbatas
425 2063 610 2147 restituitque
624 2083 736 2126 eomas.

56 2139 154 2222 Dum
168 2160 263 2237 sedet,
277 2160 421 2226 umbrosa
436 2161 552 2237 salices,
567 2160 762 2245 volucresque
776 2182 892 2225 canore
1009 2163 1049 2224 15

112 2251 264 2320 Fecerunt
279 2278 408 2335 somnos,
423 2271 453 2322 et
468 2257 536 2322 leve
550 2279 790 2343 murmuraque.

67 2339 186 2419 Blanda
201 2354 286 2439 quies
301 2355 385 2417 victis
400 2355 499 2419 furtim
513 2356 645 2441 subrepit
658 2357 769 2433 ocellis,

113 2451 155 2514 Et
168 2453 247 2515 cadit
262 2474 281 2515 a
295 2466 396 2516 mento
410 2453 549 2535 languida
563 2453 641 2517 fecta
655 2475 769 2516 manus.

78 2540 224 2632 languida
238 2551 397 2632 consurgit,
413 2573 470 2614 nec
484 2552 539 2614 seit
553 2573 607 2616 cur
621 2551 759 2635 languida
772 2566 888 2634 surgat:

114 2646 154 2709 Et
169 2647 284 2730 peragit
299 2647 372 2712 tales
387 2649 490 2713 arbore
507 2649 576 2713 nixa
590 2672 695 2715 sonos:
1007 2653 1051 2714 ΞΟ

79 2744 170 2808 ‘Utile
186 2746 223 2808 sit
238 2745 437 2830 faustumque,
453 2768 568 2830 precor,
584 2749 663 2833 quod
679 2749 805 2832 imagine
819 2749 916 2813 somni

113 2843 268 2907 Vidimus:
292 2865 330 2907 an
344 2866 448 2909 somno
462 2846 568 2909 clarius
583 2847 654 2910 illud
670 2849 754 2911 erat?

71 2941 189 3024 Ignibus
204 2939 302 3003 lliaois
317 2942 454 3007 aderam:
477 2945 547 3009 eum
562 2945 644 3028 lapsa
657 2944 771 3030 capillis

111 3037 234 3101 Decidit
249 3052 317 3100 ante
333 3061 430 3103 sacros
445 3040 531 3104 lanea
547 3041 619 3106 vitta
634 3042 727 3106 socos.

65 3135 144 3201 lude
159 3134 226 3198 duae
241 3136 350 3219 pariter
366 3136 444 3223 (visu
461 3136 609 3222 mirabile)
627 3139 733 3222 palma
