2356 4110
155 326 216 387 144
463 314 811 380 unruuo‘nruosnou

151 482 269 545 Sistitur
283 494 351 543 ante
366 501 439 557 aras,
455 480 594 562 auditque
609 477 709 559 ignara
724 487 915 558 precantem:

151 578 328 662 Imponique
342 600 401 640 suae
418 578 498 640 videt
512 577 588 640 inter
601 595 712 637 cornua
727 573 824 650 fronti,

151 676 238 749 Quas
251 677 341 738 coluit
356 675 471 757 fruges:
495 673 693 758 percussaque
708 671 849 752 sanguine
864 671 977 733 cultros
1090 672 1125 732 75

151 773 247 836 htficit
260 774 290 836 iu
305 773 417 858 liquidi
431 773 568 857 praevisos
584 771 701 834 forsitan
717 769 807 830 undi.

151 871 290 934 Protinus
305 887 421 954 ereptas
438 870 548 933 viventi
564 882 685 953 pectore
701 867 787 928 fibras

151 967 325 1051 lnspioiunt,
340 970 515 1052 mentesque
524 963 621 1030 'deum
635 977 802 1028 scrutantur
814 963 845 1025 in
859 963 926 1025 illis.

194 1065 285 1129 Unde
301 1066 393 1129 sames
408 1066 520 1129 homini
536 1065 693 1127 vetitorum
708 1075 790 1124 tanta
802 1061 960 1124 ciborum?

151 1163 279 1227 Audetis
295 1166 386 1242 vesci,
401 1185 527 1246 genoso
542 1162 689 1224 mortale?
712 1159 802 1244 quod,
817 1180 880 1236 oro,
1089 1159 1125 1220 80

151 1259 182 1323 N
184 1283 201 1323 e
217 1261 320 1324 facite:
345 1275 375 1323 et
390 1261 507 1323 monitis
521 1260 633 1321 animos
647 1257 790 1320 advertite
805 1257 922 1319 nostris.

151 1357 293 1442 Chmque
308 1359 398 1420 boum
414 1358 518 1419 dabitis
532 1378 674 1419 caesorum
689 1355 822 1418 membra
837 1355 948 1438 palato,

151 1452 298 1516 Mandere
314 1476 367 1516 vos
383 1468 495 1517 vestros
509 1455 581 1517 scite
597 1468 628 1516 et
641 1455 748 1516 sentite
762 1453 894 1515 colonos,

153 1551 194 1614 Et
209 1553 347 1635 quoniam
364 1554 437 1616 deus
452 1575 503 1616 ora
520 1564 631 1628 movet,
645 1573 752 1635 sequar
765 1572 817 1613 ora
830 1563 1006 1612 moventem

152 1648 225 1712 Rite
240 1650 348 1727 deum;
371 1650 568 1734 Delphosque
584 1671 677 1726 meos,
693 1649 849 1732 ipsumque
864 1648 1019 1711 recludam
1090 1647 1129 1709 85

152 1746 298 1824 AEthera3
320 1761 351 1810 et
371 1762 500 1830 augustas
515 1748 651 1809 reserabo
665 1747 784 1809 oracula
797 1747 914 1809 mentis.

152 1843 275 1926 Magna,
291 1866 351 1909 nec.
361 1847 483 1928 ingeniis
498 1845 660 1927 euestigata
675 1844 815 1928 priorum,

153 1941 291 2027 Quaeque
308 1944 357 2006 diu
372 1944 495 2021 latuere,
510 1965 626 2006 carram.
670 1941 762 2005 Juvat
777 1943 818 2005 ire
833 1941 961 2026 peralta

154 2042 258 2104 Astra:
278 2042 373 2127 juvat,
388 2043 471 2104 terris
485 2056 516 2104 et
531 2041 616 2104 inerti
630 2041 701 2103 sede
715 2039 833 2117 relictis,

153 2137 242 2201 Nube
258 2140 346 2215 vehi;
369 2141 516 2224 validique
531 2139 661 2201 humeris
676 2138 808 2200 insistere
822 2136 972 2200 Atlantis:
1091 2137 1132 2199 90

155 2235 351 2320 Palantesque
367 2238 479 2299 animos
495 2237 602 2320 passim
616 2257 652 2298 ac
666 2237 784 2298 rationis
799 2248 922 2317 egentes

154 2332 337 2417 Despectare
353 2336 466 2416 procul,
482 2335 682 2419 trepidosque,
698 2335 871 2418 obitumque
886 2333 1027 2396 timentes

152 2431 203 2495 Sic
218 2432 384 2509 exhortari;
407 2434 573 2517 seriemque
590 2433 728 2495 evolvere
744 2431 806 2494 sati.

153 2538 172 2568 “
185 2530 215 2592 Ο
231 2552 323 2611 genus
339 2532 494 2592 attonitum
509 2531 611 2613 gelidae
627 2530 781 2594 formidine
796 2529 914 2592 mortis!

153 2627 237 2700 Quid
252 2627 357 2710 Styga,
374 2628 444 2711 quid
458 2629 604 2705 tenebras,
621 2629 691 2713 quid
706 2629 826 2691 nomina
840 2649 916 2691 vana
929 2627 1051 2706 timetis,
1091 2629 1131 2690 95

153 2723 312 2789 Materiem
329 2743 440 2804 vatum,
455 2725 577 2810 falsique
593 2726 708 2809 piacula
723 2726 847 2789 mundi?

152 2823 288 2907 Corpora
302 2825 365 2888 sive
380 2823 467 2909 rogu's
482 2825 612 2902 flamma,
627 2846 680 2887 seu
695 2825 764 2887 tabe
780 2836 909 2886 vetustas

157 2923 328 3000 Abstulerit,
343 2925 421 2987 mala
435 2946 521 3007 posse
537 2924 597 3006 pati
612 2945 671 2986 non
686 2923 745 2984 ulla
760 2921 880 3005 putetis.

155 3018 253 3080 Morte
267 3035 369 3082 carent
384 3023 505 3085 animae:
529 3042 717 3105 semperque,
732 3021 828 3104 priore
843 3017 948 3082 relictis

154 3117 244 3192 Sede,
260 3117 343 3179 novis
358 3119 490 3180 habitant
504 3119 639 3181 domibus
655 3119 817 3201 vivuntque
832 3130 972 3201 receptae.
1074 3120 1134 3180 100

154 3213 222 3297 Ipse
238 3235 294 3294 ego
312 3213 395 3300 (nam
410 3215 544 3299 memini)
561 3215 684 3301 Trojaui
698 3230 832 3299 tempore
846 3215 917 3278 belli

156 3310 337 3374 Panthoides
353 3310 533 3394 Euphorbus
548 3334 645 3376 eram:
668 3314 716 3376 oui
731 3328 852 3398 pectore
869 3312 1020 3397 quondam

154 3407 239 3471 Sedit
252 3409 281 3470 in
297 3408 420 3472 adverso
436 3409 530 3492 gravis
545 3411 629 3472 hasta
642 3411 762 3475 minoris
777 3411 903 3474 Atride.

155 3502 293 3587 Cognovi
307 3507 460 3592 clypeum,
473 3507 554 3571 laevae
568 3509 731 3591 gestamina
744 3523 860 3585 nostre,
