2356 4110
100 323 161 385 lte
410 324 755 379 Mnrnuonrrrosnon

98 480 227 543 Sustinui
235 501 243 556 ;
265 491 434 562 sortemque
447 496 545 540 meam
560 478 690 554 vovistis,
706 475 816 539 Aehivi
825 489 837 540 t·

98 576 139 640 Et
154 590 256 639 vestrae
272 577 390 638 valuere
405 595 523 659 preces
565 575 598 637 Si
613 575 741 658 quaeritis
754 573 844 659 hujus

98 673 260 737 Fortunam
276 693 381 756 pugne
394 695 401 746 ;
423 694 481 735 non
496 691 562 734 sum
576 686 733 755 superatus
746 672 783 734 ab
797 671 859 734 ille·
1026 675 1062 738 Μ

140 771 223 834 Eece
238 770 333 832 serunt
347 769 446 832 Troe‘s
459 769 637 853 sertumque,
653 770 822 852 ignemque,
837 765 1012 856 iovemque

97 869 134 931 ln
148 868 269 931 Danaas
282 869 407 931 classes:
430 867 480 929 ubi
494 887 573 929 num
588 865 730 943 [amandus
745 865 895 948 Ulysees?

98 966 218 1050 Nempe
234 988 291 1049 ego
305 967 386 1028 mille
401 982 470 1028 meo
485 965 600 1048 protexi
615 978 736 1047 peetore
751 985 879 1048 puppes,

99 1064 192 1149 Spem
208 1067 296 1128 vestri
311 1063 431 1126 reditris.
477 1063 559 1125 Date
573 1075 616 1124 tot
630 1083 685 1145 pro
698 1062 821 1124 naribus
836 1080 928 1125 arma.

142 1161 235 1236 Quod
250 1163 274 1224 si
289 1181 359 1224 vera
372 1160 442 1222 licet
455 1160 527 1222 mihi
543 1159 657 1235 dicere3
680 1158 816 1243 queritur
829 1159 905 1237 istis,¹
1031 1162 1068 1225 w

99 1258 202 1333 Quem
217 1260 299 1335 mihi,
314 1257 407 1342 major
421 1257 533 1319 honos:
564 1255 782 1340 conjrrnetaque
795 1257 888 1338 gloria
902 1269 1003 1320 nestra
1017 1270 1065 1334 est,

99 1358 200 1440 Atque
215 1356 297 1440 Ajax
312 1355 408 1431 armis,
424 1374 482 1416 non
498 1353 585 1438 Ajaei
600 1372 681 1416 anna
691 1367 842 1437 petuntur.

142 1452 285 1515 Conferat
299 1453 343 1515 his
358 1451 478 1514 Ithacus
494 1448 642 1529 Rhesum,
657 1452 869 1535 imbellemque
884 1444 1017 1531 Dones,

99 1550 325 1634 Priamidenque
341 1548 494 1612 Helenum
506 1548 591 1632 rapti
604 1567 677 1612 oum*
688 1546 813 1612 Pallade
826 1561 962 1634 eaptum.

99 1646 184 1710 Luce
199 1647 270 1710 nihil
286 1661 411 1729 gestum,
426 1646 504 1708 nihil
515 1660 560 1708 est
575 1641 726 1708 Diomede
739 1659 872 1709 remote:
1013 1648 1075 1710 lou

99 1745 132 1807 Si
146 1746 238 1807 semel
253 1745 307 1807 ista
322 1745 396 1806 datis
410 1744 520 1806 meritis
534 1757 596 1806 tam
610 1744 719 1806 vil-ibus
729 1757 829 1821 arm·

99 1841 248 1904 Dlvidite:
272 1855 303 1903 et
317 1841 409 1926 major
423 1856 494 1924 pars‘
504 1842 541 1904 sit
555 1840 712 1903 Diomedis
725 1841 756 1904 in
770 1841 838 1904 illiso

142 1937 215 2012 Qud
230 1952 328 2001 tamen
344 1939 408 2002 haee
422 1937 549 2001 Ithaeo?
569 1938 622 2021 qui
632 1938 726 2015 elam,
737 1939 792 2022 qui
801 1949 925 2022 semper
933 1936 1052 2001 illm

99 2034 180 2096 Rem
195 2036 285 2117 gerit:
309 2049 340 2097 et
354 2035 436 2097 hirtis
450 2036 599 2097 incautum
615 2034 728 2117 decipit
741 2034 884 2098 hostem?

98 2131 168 2214 lpse
183 2133 258 2193 nitor
273 2132 375 2212 galeae,
391 2133 475 2193 claro
484 2131 620 2192 radiantis
635 2131 673 2192 ab
688 2148 770 2208 nuno,
1011 2130 1079 2192 iffi·

98 2226 220 2290 Insidias
235 2227 351 2310 prodet,
364 2227 618 2311 manifestabitque
632 2228 784 2290 latentem.

99 2323 163 2385 Sed
174 2345 272 2407 neque
288 2322 444 2386 Dulichius
459 2324 513 2386 sub
528 2320 653 2385 Achillis
667 2323 784 2386 casside
796 2334 908 2386 verte!

99 2421 237 2483 Pondere
250 2433 331 2483 tanta
346 2420 436 2483 seren
459 2441 516 2483 neo
530 2440 588 2482 non
605 2441 732 2483 onerosa-
746 2421 906 2506 gravisque

98 2517 197 2580 Pelias
212 2538 277 2579 esse
292 2531 391 2600 potest
404 2517 569 2580 imbellibus
584 2518 669 2580 hasta·
681 2517 818 2581 leonatis:

98 2614 166 2677 Nee
180 2616 316 2698 clypeus,
332 2615 406 2677 vasti
419 2615 538 2677 celatos
553 2616 682 2698 imagine
696 2613 809 2693 mundi,
1012 2616 1078 2679 110

98 2713 269 2776 Conveniet
281 2714 399 2791 timide,
414 2727 548 2798 nataque
563 2713 601 2776 ad
615 2713 691 2776 lirrta
704 2714 839 2776 sinistre·

98 2810 327 2875 Debilitaturum
343 2812 413 2897 quid
427 2825 458 2874 te
473 2812 562 2896 petis,
575 2812 718 2894 improbe,
732 2810 866 2873 munus?

97 2908 191 2982 Quod
205 2912 256 2973 tibi
271 2912 294 2973 si
310 2912 411 2995 populi
426 2912 578 2974 donaverit
593 2931 672 2972 error
685 2909 804 2986 Aehiri',

19 3085 27 3101 .
98 3005 163 3068 Cur
176 3008 317 3088 spolieris,
333 3010 404 3084 erit3
426 3031 496 3085 non,
511 3030 565 3072 our
578 3008 717 3070 metuaris
731 3008 771 3069 ab
782 3007 878 3071 hoste.

98 3103 139 3165 Et
155 3102 222 3184 fuga
240 3101 315 3189 (qual
328 3104 392 3165 soli
406 3118 538 3181 cunctos,
554 3105 744 3180 timidissime,
760 3103 867 3191 vineis)
1012 3107 1079 3169 115·

99 3200 199 3281 Tarda
214 3200 309 3263 lutura
323 3201 374 3262 tibi
389 3214 444 3276 est,
460 3203 622 3282 gestamina
636 3217 716 3265 tanta
729 3203 868 3265 trahenti.

99 3300 200 3377 Adde,
216 3298 295 3384 qudd
309 3300 363 3361 iste
378 3312 532 3375 tuus,·tam
547 3300 612 3362 rard
626 3301 729 3384 proelia
744 3319 860 3386 passus,

99 3396 219 3478 Integer
230 3411 275 3460 est
289 3398 430 3482 clypeus:
453 3409 562 3473 nonio,
577 3398 628 3481 qui
641 3399 701 3462 telo
714 3397 839 3462 ferendo
