2356 4110
491 305 598 355 munh
614 305 661 355 Vl.
1020 302 1061 359 Π

96 460 148 522 Cui
161 460 199 521 sis
213 469 309 540 nupta
320 455 400 532 vide,
411 453 565 518 Pandione
579 467 659 532 nata,
670 460 785 517 marito.
1002 458 1065 521 180

97 556 279 638 Degeneres:
302 553 400 616 scelus
414 566 458 614 est
473 553 567 635 pietas
581 552 611 614 in
626 551 752 636 conjuge
767 550 891 615 Tereo?

101 653 156 715 Nec
169 674 269 729 mora;
291 651 381 714 traxit
395 649 475 733 Ityn,
491 650 581 712 veluti
597 649 762 731 Gangetica
774 670 870 714 corve

102 751 266 814 Lactentem
279 749 386 812 foetum
400 769 455 831 per
467 748 555 810 silvas
570 747 650 828 tigris
663 766 782 830 opacas.

104 847 191 932 thue
206 847 313 910 domus
327 847 392 908 altae
407 859 522 929 partem
536 844 659 907 tenuere
673 857 836 921 remotam

105 945 339 1028 Tendentemque
354 965 468 1020 manus,
483 942 586 1027 etjam
601 964 654 1005 sua
668 942 728 1005 fata
742 942 903 1020 videntem,
1003 944 1064 1007 185

107 1042 187 1120 ‘Eia'
203 1056 233 1105 et
244 1042 319 1127 jam,
335 1040 466 1116 ‘mater,’
481 1040 669 1117 clamantem,
685 1053 715 1101 et
729 1039 805 1101 colla
819 1051 972 1122 petentem

108 1138 174 1201 Ense
187 1139 251 1203 serit
266 1139 394 1214 Procne,
408 1137 491 1200 lateri
505 1135 565 1220 qud
578 1150 683 1219 pectus
698 1137 842 1198 adheret:

109 1234 160 1299 Nec
174 1237 288 1298 vultum
302 1235 417 1297 avertit.
461 1233 539 1297 Satis
554 1235 595 1297 illi
609 1233 648 1296 ad
661 1233 721 1296 sata
735 1234 783 1296 vel
801 1255 894 1297 unum

110 1332 208 1396 Vulnus
223 1348 304 1411 erat3
322 1333 458 1418 jugulum
473 1331 549 1394 ferro
563 1330 731 1394 Philomela
744 1332 872 1395 resolvit.

110 1429 229 1515 Vivaque
245 1431 353 1506 adhuc,
368 1430 531 1512 animeque
545 1428 655 1513 aliquid
669 1430 823 1492 retinentia
838 1429 971 1492 membru
1005 1431 1067 1492 190

109 1525 253 1590 Dilaniant.
283 1526 372 1589 'Pars
387 1527 455 1588 inde
470 1527 550 1588 cavis
566 1526 694 1588 exsultat
709 1527 807 1588 aenis:

108 1622 166 1687 Pars
181 1626 307 1687 verubus
321 1625 438 1686 stridet:
462 1637 582 1684 manant
596 1623 757 1705 penetralia
771 1624 849 1686 tabo.

108 1719 151 1784 His
164 1723 283 1785 adhibet
297 1721 408 1806 conjux
422 1721 555 1803 ignarum
569 1719 669 1783 Terea
681 1721 808 1783 mensis:

108 1816 138 1880 Et
150 1821 230 1903 patrii
247 1820 336 1882 moris
350 1841 465 1881 sacmm
479 1818 612 1895 mentita,
628 1817 705 1902 quod
721 1819 772 1880 uni

108 1914 154 1978 Vas
167 1917 203 1980 sit
218 1917 299 1980 adire
314 1917 386 1993 viro,
401 1915 524 1978 comites
539 1914 722 1999 famulosque
736 1915 873 1976 removit.
1007 1915 1067 1976 195

107 2011 177 2092 lnde,
191 2015 299 2077 sedens
313 2013 396 2090 solio,
410 2012 538 2089 Tereus,
553 2012 684 2074 sublimis
700 2011 789 2088 avito,

109 2108 249 2174 Vescitur:
272 2111 363 2195 inque
378 2132 461 2172 suam
477 2131 529 2171 sua
544 2110 657 2172 viscera
670 2108 802 2191 congerit
816 2108 926 2171 alvum.

107 2205 251 2293 Tantaque
266 2230 327 2270 nox
342 2209 430 2270 animi
445 2219 500 2284 est,
516 2207 604 2290 ‘Ityn
619 2207 678 2269 huc
693 2207 851 2284 arcessite,'
868 2207 952 2269 dixit.

108 2302 287 2369 Dissimulare
302 2306 404 2389 nequit
418 2305 548 2368 cnrdelia
566 2304 673 2386 gaudia
687 2303 823 2381 Procne3

108 2401 220 2488 Jamque
235 2425 296 2466 suae
310 2403 433 2486 cupiens
449 2401 591 2464 exsistere
606 2401 707 2463 nuntia
721 2401 830 2478 cladis3
1006 2403 1069 2462 200

109 2500 195 2564 ‘lntus
209 2502 314 2578 habes,
330 2502 409 2584 quod
423 2500 539 2583 poscis‚'
556 2500 605 2562 ait.
650 2497 860 2582 Circumspicit
873 2499 933 2576 ille,

108 2598 196 2684 Atque
210 2601 263 2663 ubi
277 2600 314 2662 sit
329 2600 441 2683 querit.
488 2597 652 2674 Quaerenti,
667 2598 832 2682 itemmque
848 2597 974 2674 vocanti,

108 2694 179 2760 Sicut
193 2710 256 2759 erat
271 2697 379 2781 sparsis
393 2696 487 2760 firriali
500 2696 582 2758 caede
596 2695 718 2778 capillis,

109 2789 235 2871 Prosiliit,
251 2793 394 2878 Ityosque
409 2808 499 2877 caput
513 2792 681 2856 Philomela
695 2805 850 2855 cruentum

56 2876 58 2889 ¹
109 2885 179 2954 llisit
192 2892 223 2954 in
238 2913 290 2954 ora
304 2890 410 2974 patris:
434 2913 490 2956 nec
505 2903 638 2973 tempore
653 2889 755 2951 maluit
769 2887 831 2949 ullo
1008 2889 1072 2950 205

111 2985 189 3050 Posse
203 2988 297 3072 loqui,
312 3002 342 3050 et
358 2988 468 3051 meritis
483 2988 582 3050 testari
597 2986 704 3069 gaudia
719 2985 814 3047 dictis.

141 3085 284 3149 Thracius
300 3086 409 3168 ingenti
424 3107 540 3148 mensas
555 3085 683 3147 clamore
698 3084 824 3168 repellit,

113 3177 303 3267 Vipereasquc
317 3184 377 3246 ciet
391 3183 498 3267 Stygia
512 3182 550 3244 de
565 3182 641 3244 valle
655 3203 785 3245 sorores:

115 3275 145 3339 Et
156 3281 252 3358 modo,
267 3281 293 3343 si
307 3280 409 3364 possit,
423 3292 553 3342 reserato
567 3293 687 3362 pectore
703 3280 778 3342 diras

117 3372 228 3456 Egerere
245 3378 313 3441 inde
329 3378 431 3461 dapes,
447 3378 639 3461 demersaque
650 3378 763 3440 viscera
776 3377 881 3457 gestit:
1010 3374 1074 3435 210

118 3465 173 3536 llet
184 3475 282 3553 modo,
298 3496 390 3559 seque
406 3488 493 3538 vocat
506 3475 626 3537 bustum
640 3472 805 3537 miserabile
818 3471 896 3533 nati:

427 3573 476 3634 7*
541 3580 544 3586 ’
