2356 4110
516 319 624 368 LIBER
642 319 672 367 V.
1039 315 1079 377 67

99 469 179 532 Nam
193 469 293 531 brevis
308 468 338 530 in
354 469 466 550 gelidas
480 467 620 531 membris
635 469 760 531 exilibus
774 470 868 532 undas
1018 475 1081 536 270

98 566 252 630 Transitus
268 580 327 628 est.
372 564 448 628 Post
462 567 525 628 haec
539 579 724 650 tergumque,
736 566 922 652 humerique,
933 569 1079 655 latusque,

99 664 287 748 Pectoraque
303 663 333 726 in
350 677 456 725 tenues
471 664 580 725 abeunt
595 664 720 726 evanida
734 664 822 727 rivos.

98 761 241 846 Denique
255 784 311 845 pro
326 761 396 824 vivo
411 761 524 823 vitiatas
538 761 679 843 sanguine
695 783 785 824 venas

98 859 243 943 Lympha
256 860 352 921 subit:
375 871 524 942 restatque
538 859 621 935 nihil,
637 859 716 943 quod
731 860 875 942 prendere
890 862 993 944 possis.

141 956 261 1019 Interea
275 957 391 1040 pavidae
405 957 604 1040 nequicquam
618 957 677 1019 filia
690 957 776 1019 matri
1015 962 1079 1022 275

99 1054 247 1116 Omnibus
263 1069 309 1116 est
323 1054 417 1130 terris,
432 1055 513 1117 omni
527 1054 648 1137 quaesita
663 1052 822 1136 profundo.

100 1151 185 1213 lllam
201 1175 262 1214 non
276 1152 369 1214 mtilis
384 1152 506 1214 veniens
521 1151 639 1214 Aurora
652 1151 765 1235 capillis

99 1249 280 1312 Cessantem
296 1250 378 1326 vidit,
393 1271 450 1312 non
467 1247 639 1332 Hesperus:
662 1249 711 1311 illa
726 1249 839 1311 duabus

97 1346 295 1409 Flammifera
309 1348 398 1430 pinus
414 1347 547 1409 manibus
562 1347 715 1409 succendit
730 1347 767 1408 ab
781 1347 876 1410 AErnt
884 1369 893 1426 3

97 1444 219 1529 Perque
234 1445 388 1528 pruinosas
403 1445 467 1507 tulit
481 1444 638 1527 irrequieta
651 1446 796 1507 tenebras.
1016 1448 1079 1509 280

98 1543 227 1620 Rursus,
242 1556 276 1604 ut
291 1543 368 1604 alma
383 1542 446 1604 dies
462 1541 616 1603 hebetdrat
630 1541 736 1619 sidera,
751 1557 851 1605 natam

99 1641 177 1703 Solis
192 1641 229 1701 ad
245 1662 397 1716 occasum,
411 1640 479 1701 solis
495 1641 642 1723 qnaerebat
657 1641 694 1702 ab
709 1654 785 1703 ortu.

99 1738 194 1801 Fessa
208 1739 309 1800 labore
323 1738 403 1801 sitim
416 1739 594 1820 collegerat;
615 1760 724 1823 nmque
740 1739 812 1801 nulli

100 1836 277 1898 Colluerant
290 1835 402 1899 sontes:
425 1837 496 1899 crim
509 1850 619 1899 tectam
635 1837 772 1898 stramine
787 1836 860 1897 vidit

99 1933 192 1996 Forte
207 1956 326 2011 casam;
350 1956 514 2018 parvasque
529 1935 606 1997 fores
621 1933 764 2017 pulsavit:
789 1931 901 1993 atinde
1016 1933 1079 1995 285

100 2031 205 2094 Pmdit
219 2054 311 2109 anns;
333 2032 491 2116 divamque
508 2033 606 2108 videt3
628 2031 844 2114 lymphamque
858 2029 983 2112 roganti,

100 2129 201 2192 Dulce
217 2131 309 2206 dedit,
324 2130 402 2192 tostin
417 2131 495 2214 quod
509 2143 631 2192 coxerat
646 2128 715 2191 ante
731 2127 862 2212 pelenti.

100 2227 185 2288 Dum
200 2228 273 2290 bibit
288 2228 337 2290 illa
351 2228 465 2304 datum,
480 2228 543 2289 duri
558 2249 633 2311 puer
647 2227 704 2289 oris
719 2241 750 2289 et
765 2228 863 2289 audax

101 2324 243 2388 Constitit
258 2339 325 2387 ante
341 2325 447 2387 deam:
471 2326 601 2408 risitque,
617 2325 792 2407 avidamque
808 2325 936 2387 vocavit.

101 2421 226 2484 Offensa
242 2437 303 2484 est:
326 2444 424 2506 neque
439 2423 536 2484 adhuc
552 2422 642 2505 epoti
656 2435 738 2505 parte
753 2423 925 2506 loquentem
1016 2424 1080 2485 290

102 2519 183 2582 Cum
198 2521 309 2603 liquido
324 2519 411 2582 misti
426 2518 553 2602 perfudit
568 2520 636 2582 diva
651 2519 783 2602 polenta.

102 2616 253 2679 Combibit
269 2639 302 2679 os
316 2618 464 2693 maculas3
487 2631 527 2692 et,
544 2617 604 2701 quai
617 2618 706 2679 modb
721 2619 841 2680 brachia
856 2618 956 2699 gessit,

102 2713 198 2778 Cmra
213 2716 303 2797 gerit:
326 2715 422 2778 cauda
436 2729 480 2777 est
495 2715 613 2777 mutatis
628 2716 727 2778 addita
741 2715 896 2777 membris:

103 2811 196 2896 lnque
210 2814 333 2875 brevem
348 2813 483 2888 formam,
498 2834 536 2874 ne
550 2813 587 2874 sit
602 2813 645 2875 vis
661 2833 768 2892 magna
782 2811 919 2887 nocendi,

104 2909 311 2974 Contrahitur:
336 2909 486 2994 parvique
501 2911 597 2973 minor
610 2930 747 2971 mensura
761 2907 872 2969 lacerta
887 2921 942 2969 est.
1016 2910 1079 2973 295

103 3008 272 3085 Mirantem,
288 3009 480 3091 flentemque,
496 3022 526 3070 et
540 3021 661 3089 tangere
676 3020 805 3068 monstra
819 3019 973 3091 parantem

103 3106 192 3189 Fugit
206 3128 317 3182 anum3
340 3107 541 3189 latebramque
556 3106 647 3188 petit:
671 3118 833 3189 aptumque
847 3107 938 3170 colori

104 3203 220 3267 Nomen
236 3205 337 3282 habet,
352 3205 437 3266 variis
452 3203 583 3265 stellatus
597 3225 721 3287 corpora
737 3205 838 3286 guttis.

143 3303 230 3376 Quas
245 3304 303 3365 dea
318 3325 372 3386 per
385 3317 487 3378 terras,
503 3314 533 3363 et
549 3323 621 3384 quas
636 3303 775 3364 erraverit
789 3302 893 3377 undae,

103 3399 210 3464 Dicere
225 3402 314 3484 longa
328 3421 412 3463 mora
426 3413 481 3462 est.
527 3398 680 3471 Quaerenti
696 3399 788 3460 deluit
799 3397 887 3460 orbis.
1016 3397 1080 3460 300

103 3498 248 3563 Sicaniam
262 3499 382 3583 repetit.
427 3497 570 3581 Dumque
584 3498 682 3560 omnia
696 3497 799 3558 lustrat
813 3492 928 3571 eund03
944 3562 948 3571 ,
