2356 4110
483 320 592 370 LIBER
608 320 682 370 vm.

107 469 208 534 Fistula
222 471 388 555 disparibus
403 469 544 554 paulatim
559 472 650 552 surgit
664 472 776 534 avenis.

107 568 176 631 Turn
188 570 249 632 lino
264 569 388 646 medias,
404 581 434 630 et
448 568 523 631 ceris
537 568 637 650 alligat
650 568 736 631 imas.

109 666 195 750 Atque
209 667 250 729 ita
264 665 443 749 compositas
458 686 550 748 parvo
564 667 734 728 curvamine
745 666 857 745 dectit3

108 762 141 825 Ut
154 785 236 826 veras
251 764 403 826 imitentur
416 784 497 825 aves.
542 763 624 825 Puer
637 763 736 827 Icarus
751 765 811 826 uua

109 860 213 923 Stabat:
238 874 279 939 et,
295 861 412 942 ignarus
426 881 480 922 sua
492 881 525 922 se
539 874 664 923 tractare
679 863 799 945 pericla,

108 957 157 1019 Ore
171 958 327 1034 renidenti,
343 957 433 1020 modo
449 979 521 1040 quas
536 979 611 1040 vaga
625 971 758 1021 moverat
773 980 852 1036 aura,
1032 967 1071 1028 15

107 1054 243 1139 Captabat
257 1055 389 1140 plumas:
412 1055 522 1117 flavam
535 1055 626 1118 modo
640 1057 748 1139 pollice
763 1076 861 1119 ceram

106 1150 241 1229 Mollibat,
257 1153 383 1236 lusuque
397 1173 452 1215 suo
467 1153 598 1215 mirabile
613 1154 702 1236 patris

106 1248 278 1334 impediebat
293 1272 378 1334 opus.
423 1249 586 1335 Postquam
600 1273 705 1313 manus
720 1252 822 1314 ultima
835 1253 942 1336 coeptis

104 1345 235 1432 Inposita
251 1361 314 1425 est;
336 1349 468 1431 geminas
483 1348 585 1432 opisex
599 1349 714 1412 libravit
729 1349 758 1411 in
774 1350 834 1412 alas

104 1444 159 1529 lpse
174 1469 263 1510 suum
276 1469 401 1530 corpus:
424 1447 564 1532 motisque
580 1448 722 1532 pependit
737 1448 766 1510 in
782 1450 864 1512 aurit.

134 1545 255 1608 lnstruit
269 1558 300 1607 et
314 1559 434 1607 natum:
458 1544 640 1629 ‘Medioque
655 1559 688 1608 ut
703 1547 795 1608 limite
809 1569 918 1626 curras,

101 1641 194 1721 lcare,'
210 1644 262 1721 ait,
279 1651 421 1706 ‘moneoz
444 1664 494 1721 ne,
508 1643 532 1706 si
547 1644 699 1707 demissior
713 1644 777 1722 ibis,

100 1737 180 1804 Unda
194 1754 299 1823 gravet
313 1762 444 1824 pennas3
466 1741 491 1803 si
504 1741 619 1819 celsior,
635 1743 708 1824 ignis
722 1744 835 1807 adurat.

99 1834 170 1900 Inter
185 1853 344 1923 utrumque
360 1839 436 1901 vola.
481 1838 548 1901 Nec
563 1853 594 1902 te
608 1853 742 1923 spectare
757 1840 887 1917 Boiiten,

98 1936 154 1998 Aut
169 1934 299 1998 Helicen
311 1935 414 2020 jubeo,
429 1936 601 2000 strictumve
616 1937 735 1999 Orionis
751 1959 864 2000 ensem.

98 2030 143 2094 Me
158 2035 247 2111 duce,
260 2055 351 2118 carpe
368 2034 465 2096 viam.5
510 2033 625 2098 Pariter
639 2049 786 2119 precepta
801 2035 917 2098 volandi

97 2129 212 2208 Tradit3
236 2145 267 2194 et
282 2132 396 2214 ignotas
410 2132 541 2195 humeris
557 2132 764 2196 adcommodat
780 2134 851 2197 alas.

98 2228 169 2292 Inter
180 2251 257 2312 opus
273 2229 460 2313 monitusque
474 2251 557 2312 geuae
571 2230 712 2293 madudre
727 2233 850 2296 seniles:

98 2325 131 2389 Et
144 2328 245 2412 patriae
260 2327 408 2389 tremuere
422 2349 537 2390 manus.
581 2327 675 2390 Dedit
690 2331 791 2392 oscula
805 2344 875 2394 nato

98 2421 158 2486 Non
174 2426 282 2486 iterum
297 2422 459 2506 repetenda
472 2445 543 2486 suo:
567 2425 731 2510 pennisque
745 2427 859 2490 levatus

97 2522 169 2583 Ante
185 2522 284 2598 volat;
306 2521 466 2605 comitique
481 2523 581 2585 timet:
605 2523 687 2585 velut
702 2525 773 2602 ales,
784 2527 821 2588 ab
835 2526 895 2590 alto

98 2616 167 2691 Quae
181 2634 315 2683 teneram
330 2619 444 2702 prolem
459 2620 595 2703 producit
610 2621 639 2683 in
654 2625 722 2684 adra
735 2623 815 2687 nido.

99 2713 291 2800 Hortaturque
306 2715 408 2799 sequi3
430 2717 642 2803 damnosasque
658 2720 752 2782 erudit
767 2733 861 2782 artes:

99 2810 131 2876 Et
145 2828 246 2878 movet
261 2814 325 2896 ipse
341 2834 418 2890 suas,
434 2826 463 2876 et
479 2816 538 2878 nati
553 2817 672 2899 respicit
686 2819 757 2879 alas.

132 2912 196 2975 Hos
212 2911 326 2994 aliquis,
342 2911 469 2974 tremula
482 2912 552 2975 dum
567 2928 667 2998 captat
682 2914 822 2976 arundine
837 2915 943 2998 pisces,
1021 2919 1064 2982 35

100 3009 153 3071 Aut
166 3024 267 3093 pastor
280 3010 396 3086 bacul0,
413 3010 525 3073 stivave
542 3013 659 3075 innixus
675 3026 778 3090 arator,

102 3103 182 3186 Vidit,
198 3121 229 3170 et
244 3108 412 3191 obstupuit:
437 3110 545 3193 quique
560 3111 669 3173 aethera
683 3133 804 3195 carpere
819 3128 949 3197 possent,

101 3203 223 3270 Credidit
238 3229 303 3268 esse
319 3207 401 3269 deos.
446 3206 488 3269 Et
499 3207 561 3292 jam
576 3207 705 3273 Junonia
719 3210 794 3273 lavat

101 3301 176 3367 Parte
192 3306 299 3368 Sarnos
315 3304 441 3380 fuerant,
457 3303 622 3390 Delosque,
637 3307 790 3393 Parosque
809 3311 933 3372 relicta:

100 3400 202 3467 Dextra
218 3403 396 3487 Lebynthos
410 3415 505 3479 erant,
521 3401 718 3490 soecundaque
732 3408 821 3469 melle
837 3406 1006 3487 Calymne:
1022 3406 1064 3467 40

99 3498 167 3564 Cium
183 3523 259 3586 puer
274 3500 379 3564 audaci
394 3500 486 3585 coepit
501 3502 629 3583 gaudere
646 3505 766 3578 volatu3
