2356 4110
501 313 608 366 LIBER
625 314 669 366 VI.

95 469 217 532 Talibus
232 481 277 530 est
292 466 381 529 dictis
396 465 515 548 gemina
528 488 596 529 cum
612 467 694 550 prole
708 468 825 530 locuta:

100 567 164 628 ‘En
178 589 234 649 ego
251 578 350 627 vestra
364 584 482 646 parens,
497 564 580 626 vobis
595 565 725 626 animosa
740 565 857 642 creatis,

101 663 140 726 Et
153 665 206 726 nisi
220 662 344 739 Junoni,
360 661 433 723 nulli
446 682 565 723 cessura
579 662 711 738 dearum,
1029 665 1072 728 60

106 760 148 822 lln
162 762 218 823 dea
232 761 298 837 sim,
314 758 447 821 dubitor:
471 780 582 842 perque
597 758 695 821 omnia
710 759 815 822 saecula
829 758 914 823 cultis

105 858 220 933 Arceor,
236 879 255 919 o
270 857 340 932 nati,
354 855 409 918 nisi
424 877 476 918 vos
490 856 666 932 succurritis,
682 857 747 917 aris.

106 953 165 1016 Nec
180 954 264 1016 dolor
278 954 326 1016 hic
340 953 436 1015 solus:
460 954 523 1015 diro
537 954 671 1015 convicia
686 953 764 1015 facto

107 1050 232 1113 Tantalis
247 1050 371 1135 adjecit:
395 1072 506 1134 vosque
522 1064 567 1113 est
580 1063 758 1134 postponere
773 1051 848 1113 natis

109 1147 181 1209 llusa
195 1149 273 1210 suis:
295 1161 325 1210 et
339 1170 388 1210 me
405 1147 500 1233 (quod
515 1149 543 1210 in
560 1149 654 1231 ipsam
668 1146 794 1235 recidat)
811 1148 912 1212 orbam
1029 1153 1072 1214 65

110 1243 203 1322 Dixit3
227 1258 257 1307 et
272 1245 407 1308 exhibuit
420 1246 550 1327 linguam
565 1247 707 1308 scelerata
725 1248 899 1330 patemam.’

111 1341 262 1426 Adjectura
279 1364 382 1426 preces
397 1356 459 1405 erat
473 1345 518 1406 bis
533 1343 650 1406 Latona
665 1345 778 1407 relatis:

111 1439 253 1518 ‘Desine,'
271 1440 405 1504 Phoebus
420 1442 470 1517 ait,
486 1440 618 1526 ‘(poenae
632 1462 715 1503 mora
728 1442 830 1527 longa)
848 1444 1004 1528 querelas!

112 1535 185 1601 Dixit
199 1539 280 1601 idem
294 1537 429 1601 Phoebe:
452 1539 601 1622 celerique
615 1558 670 1622 per
683 1541 753 1603 adra
766 1540 850 1624 lapsu

112 1633 293 1718 Contigerant
307 1636 378 1698 tecti
393 1635 560 1698 Cadmeida
574 1637 699 1699 nubibus
714 1659 823 1700 arcem.
1029 1644 1072 1703 70

143 1733 252 1795 Planus
268 1747 342 1809 erat,
357 1733 475 1816 lat'eque
491 1746 594 1817 patens
609 1756 701 1817 prope
716 1736 826 1798 moenia
839 1756 971 1818 campus,

111 1828 237 1894 Adsiduis
254 1831 386 1914 pulsatus
401 1831 502 1914 equis3
524 1831 574 1892 ubi
589 1832 673 1893 turba
687 1846 825 1910 rotarum,

111 1923 240 2012 Duraque
256 1929 420 1991 mollierunt
434 1927 581 2012 subjectas
595 1930 705 2010 ungula
721 1930 831 2011 glebas.

111 2021 171 2086 Pars
186 2027 225 2088 ibi
240 2026 278 2087 de
293 2039 409 2108 septem
423 2026 528 2108 genitis
544 2026 714 2109 Amphione
727 2026 815 2089 fortes

112 2118 312 2185 Conscendunt
326 2123 356 2185 in
372 2144 474 2207 equos,
489 2122 641 2207 Tyrioque
656 2125 790 2187 rubentia
804 2125 872 2189 fuco
1029 2131 1071 2191 75

112 2215 197 2301 Terga
211 2234 367 2305 premunt3
388 2241 518 2304 auroque
533 2242 636 2302 graves
651 2223 838 2286 moderantur
851 2224 991 2288 habenas.

112 2312 244 2400 Equibus
260 2316 404 2394 lsmenos,
419 2319 470 2401 qui
483 2319 568 2380 matri
582 2319 694 2380 sarcina
710 2321 857 2401 quondam

112 2409 198 2476 Prima
211 2437 271 2477 suae
286 2413 390 2490 filaret,
405 2416 476 2477 dum
490 2429 604 2477 certum
619 2416 711 2478 flectit
726 2416 755 2478 in
771 2418 872 2480 orbern

113 2507 318 2595 Quadrupedes
331 2534 443 2588 cursus,
458 2513 683 2596 spumantiaque
698 2536 749 2576 ora
763 2519 899 2592 coercet3

113 2605 178 2670 ‘Hei
191 2611 263 2672 mihi
273 2611 291 2672 l’
314 2611 497 2687 conclamat;
518 2611 675 2694 medioque
689 2614 719 2674 in
734 2627 854 2696 pectore
868 2615 945 2677 fixus
1028 2618 1072 2679 80

61 2738 63 2751 ι
112 2702 175 2768 Tela
189 2708 272 2788 gerit,
289 2706 443 2792 sraenisquc
458 2730 547 2770 manu
562 2710 705 2771 moriente
721 2713 847 2772 remissis

61 2804 63 2823 ²
112 2799 138 2862 ln
149 2805 222 2866 latus
237 2827 254 2867 a
270 2805 375 2867 dextro
390 2805 532 2887 paulatim
546 2805 650 2869 defluit
665 2829 757 2869 armo.

112 2896 266 2979 Proximus,
281 2902 381 2964 audito
395 2903 491 2964 sonitu
506 2904 660 2986 perinane
676 2905 828 2986 pharetrae,

112 2993 202 3061 Frena
217 3000 305 3060 dabat
320 2998 457 3082 Sipylus:
481 3002 572 3063 veluti
586 3002 654 3062 clrnr
670 3001 806 3083 praescius
820 3001 918 3066 imbris

113 3090 186 3158 Nube
201 3097 274 3179 sugit
289 3097 362 3174 visi,
376 3099 595 3182 pendentiaque
610 3101 740 3183 undique
755 3115 851 3164 rector
1028 3105 1070 3166 85

114 3188 227 3257 Carbasa
242 3195 373 3272 deducit,
389 3218 427 3258 ne
443 3196 589 3279 qualevis
605 3197 704 3259 effluat
720 3220 799 3261 aura.

114 3283 201 3354 Frena
216 3293 315 3354 dabat.
361 3292 494 3355 Dantem
509 3314 567 3355 non
582 3295 719 3357 evitabile
734 3297 826 3358 telum

114 3382 315 3474 Consequitur:
338 3390 512 3474 summique
528 3404 656 3453 tremens
669 3394 784 3455 cervice
800 3393 904 3472 sagitta

115 3477 208 3564 Hasit3
230 3501 260 3550 et
276 3489 413 3551 exstabat
426 3488 539 3550 nudum
554 3488 591 3552 de
607 3502 724 3570 gutture
736 3489 855 3550 ferrum.

353 3589 373 3647 7
