2356 4110
106 326 149 390 84
418 334 765 386 uurauouruosuou

106 485 291 550 Semanimes
305 506 401 548 errare
415 486 480 561 viis,
495 485 566 546 dum
580 498 656 547 stare
671 485 819 560 valebant,

108 583 304 666 Adspiceres3
327 583 433 646 flentes
450 583 531 660 alios,
546 595 689 666 terraque
700 581 854 666 jacentes3
1026 586 1087 645 170

106 679 260 764 Lassaque
275 694 424 742 versantes
438 701 578 764 supremo
591 680 702 741 lumina
716 692 809 741 motu.

149 776 234 852 Quid
247 778 319 840 mihi
333 792 404 840 tunc
419 778 507 840 animi
521 776 596 839 fuit?
619 799 667 852 an,
683 776 762 860 quod
777 776 879 838 debuit
893 797 970 854 esse,

106 873 151 937 Ut
166 876 257 937 vitam
271 874 408 952 odissem,
423 888 453 938 et
467 895 609 958 cuperem
623 896 690 957 pars
706 894 770 935 esse
785 877 942 937 meorum?

107 970 182 1046 Quo
196 993 229 1034 se
243 994 361 1056 cunque
376 972 453 1035 acies
468 972 621 1035 oculorum
635 971 777 1049 flexerat3
799 970 858 1033 illic

107 1067 224 1151 Vulgus
239 1083 301 1132 erat
316 1082 454 1131 stratum:
478 1069 570 1131 veluti
584 1068 653 1130 curn
669 1069 765 1151 putria
779 1069 866 1130 motis
1022 1073 1081 1133 175

106 1166 203 1229 Poma
216 1167 325 1229 eadunt
340 1167 437 1242 ramis,
453 1164 619 1248 agitataque
633 1165 700 1226 ilice
715 1166 847 1248 glandes.

105 1262 235 1346 Templa
251 1264 332 1325 vides
346 1263 458 1339 contri,
474 1262 610 1343 gradibus
624 1262 759 1324 sublimia
772 1263 883 1345 longis:

104 1359 223 1443 Jupiter
236 1359 286 1422 illa
300 1373 394 1421 tenet.
438 1357 516 1433 Quis
531 1381 590 1421 non
606 1359 742 1421 altaribus
757 1360 812 1422 illis

105 1456 189 1520 Irrita
204 1459 290 1519 thura
303 1457 390 1520 tulit?
413 1457 526 1541 quoties
541 1479 595 1541 pro
608 1456 734 1541 conjuge
749 1457 871 1541 conjux,
962 1523 965 1529 ,

105 1553 166 1618 Pro
180 1569 269 1637 gnato
283 1555 406 1638 genitor,
422 1556 492 1616 dum
508 1557 598 1618 verba
612 1556 763 1638 precantia
777 1555 857 1632 dicit,
1020 1559 1080 1619 180

105 1650 176 1714 Non
191 1653 317 1715 exoratis
332 1654 459 1714 animam
473 1653 566 1714 finivit
580 1653 609 1715 in
621 1653 693 1714 aris:

104 1749 199 1834 Inque
213 1772 302 1813 manu
317 1750 408 1812 thuris
422 1771 489 1833 pars
504 1751 710 1833 inconsumpta
723 1763 840 1833 reperta
855 1751 917 1813 est!

104 1848 228 1911 Admoti
244 1850 356 1933 quoties
370 1849 499 1932 templis,
514 1848 586 1910 dum
601 1862 669 1910 vota
685 1848 820 1910 sacerdos

104 1945 255 2030 Concipit,
271 1961 301 2009 et
316 1946 409 2008 fundit
424 1968 530 2030 purum
545 1946 621 2009 inter
634 1967 743 2008 cornua
757 1945 869 2022 vinum,

104 2042 195 2106 Haud
210 2058 383 2127 exspectato
397 2043 568 2106 ceciderunt
583 2044 704 2105 vulnere
718 2044 809 2105 tauri!
1019 2047 1079 2107 185

103 2140 172 2223 lpse
188 2163 243 2224 ego
257 2164 339 2204 sacra
354 2141 423 2203 Jovi
437 2164 491 2224 pro
505 2162 564 2217 me,
580 2141 743 2225 patriique,
759 2141 908 2224 tribusque

104 2237 185 2301 Cum
200 2239 327 2301 facerem
342 2238 427 2315 natis,
441 2239 569 2321 mugitus
585 2238 704 2301 victima
718 2239 795 2300 diros

103 2335 221 2399 Edidit:
246 2350 274 2399 et
290 2336 386 2399 subitd
400 2338 531 2420 collapsa
545 2338 608 2399 sine
624 2337 727 2399 ictibus
741 2337 807 2399 ullis

102 2433 222 2514 Exiguo
237 2435 323 2496 tinxit
338 2435 486 2518 subjectos
501 2436 643 2517 sanguine
657 2435 775 2496 cultros

102 2530 192 2592 Fibra
207 2553 323 2615 quoque
339 2553 415 2612 agra
429 2546 512 2595 notas
528 2532 599 2608 veri,
614 2533 801 2616 monitusque
815 2531 939 2594 deorum
1017 2536 1078 2597 190

101 2627 293 2690 Prodiderat:
317 2629 413 2691 tristes
428 2643 584 2711 penetrant
599 2629 635 2690 ad
651 2630 764 2692 viscera
777 2629 881 2692 morbi.

100 2726 182 2788 Ante
197 2749 294 2789 sacros
310 2727 368 2790 vidi
384 2726 516 2811 projecta
528 2727 673 2790 cadevera
687 2741 797 2811 postes,

100 2825 181 2887 Ante
196 2826 285 2910 ipsas,
302 2826 360 2910 qud
375 2848 452 2888 mors
468 2826 542 2888 soret
557 2825 734 2901 invidiosior,
749 2846 824 2887 aras.

100 2920 173 2983 Pars
188 2925 314 2985 animam
329 2924 435 3007 laqueo
449 2923 607 3000 claudunt3
629 2924 787 3006 mortisque
802 2922 938 2984 timorem

99 3016 199 3079 Morte
214 3018 332 3100 fugant:
355 3021 490 3103 ultroque
507 3034 613 3082 vocant
628 3020 775 3082 venientia
789 3018 858 3080 fate.
1015 3024 1076 3085 195

99 3114 235 3198 Corpora
249 3117 336 3177 missa
350 3117 416 3177 neci
430 3118 516 3178 nullis
532 3118 569 3179 de
585 3139 666 3179 more
682 3117 813 3178 seruntur

98 3212 282 3276 Funeribus:
306 3234 403 3296 neque
419 3214 497 3274 enirn
512 3215 667 3297 capiebant
682 3214 784 3277 funera
799 3227 900 3296 portae.

97 3313 161 3374 Aut
176 3312 327 3375 inhumata
342 3324 479 3395 premunt
493 3324 601 3374 terras:
625 3327 675 3375 aut
690 3313 795 3375 dautur
808 3312 838 3373 in
853 3313 929 3375 altos

97 3409 232 3472 Indotate
246 3431 341 3492 rogos.
387 3407 429 3470 Et
440 3407 502 3492 jam
517 3410 681 3472 reverentia
695 3410 774 3472 nulla
794 3423 856 3471 est:

96 3508 207 3591 Deque
222 3508 298 3592 rogis
314 3522 462 3592 pugnant:
487 3507 647 3591 alienisque
662 3507 776 3589 ignibus
791 3506 904 3570 ardent.
1010 3509 1076 3571 200
