2356 4110
429 111 542 165 Hm
565 109 640 166 sur
967 109 1029 175 125

74 253 122 320 Sed
134 280 231 344 neque
247 259 428 344 Naupliades
443 260 554 325 lacinus
567 261 728 328 deendoe
743 277 868 344 nutum,
959 270 1028 334 ala

70 350 192 441 Tamque
207 371 323 442 patens,
337 358 445 423 valuit:
463 380 524 425 nec
539 381 591 424 vos
601 359 724 425 audistis
738 361 833 429 inille

67 451 205 532 Crimina3
228 456 354 519 vidistis:
378 457 532 540 pretioque
546 457 663 542 objecta
677 461 828 542 patebant.

99 551 164 614 Nec
180 553 375 617 Poeaotiaden
391 553 470 637 qubd
488 555 579 618 habet
596 555 741 621 Vulcania
755 557 897 638 Lemnos,

62 647 130 711 Esse
145 671 212 712 reus
227 651 337 713 merui:
361 650 472 715 sactum
487 651 635 715 defendite
651 668 797 719 vestrum:

61 746 252 810 Consensistis
267 749 361 811 enirn:
383 769 441 812 nec
454 770 504 811 me
518 751 642 814 suasisse
656 753 781 834 negabo,
959 759 1026 823 315

60 843 99 907 Ut
111 867 143 908 se
158 846 342 908 subtraheret
356 847 485 930 bellique
500 848 612 932 viaeque
628 848 730 926 labori,

58 942 256 1027 Tentaretque
272 943 346 1006 feros
361 944 461 1027 requie
477 945 568 1008 lenire
583 947 708 1009 dolores.

58 1039 173 1118 Paruit3
196 1054 227 1103 et
240 1041 322 1104 vluit.
366 1040 437 1104 Non
452 1042 515 1105 hec
529 1044 674 1106 sententia
688 1044 802 1109 tantum

58 1137 138 1217 Fida,
153 1138 207 1200 sed
223 1152 253 1201 et
266 1138 355 1216 selix3
375 1139 446 1202 crim
460 1139 497 1201 sit
511 1139 591 1216 satis,
604 1162 670 1203 esse
684 1141 812 1208 fidelem.

59 1235 154 1309 Quem
171 1237 308 1320 quoniam
323 1251 405 1299 vates
416 1237 546 1299 :delenda
560 1239 598 1299 ad
611 1238 759 1323 Pergama
773 1255 909 1323 poscunt,
960 1244 1024 1308 820

10 1358 12 1387 ÷
60 1333 101 1396 Ne
114 1335 253 1396 mandate
268 1334 356 1397 mihi:
378 1335 484 1399 melius
498 1335 691 1399 Telamonius
703 1337 768 1413 ibit,

10 1501 12 1505 .
61 1429 239 1516 'dloquioque
254 1433 348 1495 virum
363 1432 471 1495 morbis
486 1431 587 1516 itique
602 1433 748 1498 furentem

10 1535 13 1602 ξ
60 1525 178 1606 llalliet,
194 1543 245 1591 aut
258 1528 357 1612 aliqui
368 1529 513 1612 producet
523 1530 649 1593 callidus
664 1544 739 1595 arte.

10 1672 14 1709 Ι,
61 1627 131 1688 Ante
147 1640 225 1691 retro
236 1627 349 1690 Simois
363 1626 447 1703 fluet,
462 1640 493 1690 et
507 1628 570 1690 sine
586 1627 734 1692 frondibus
748 1626 802 1691 lde

10 1723 12 1729 ¹
61 1720 155 1802 Stabit,
171 1737 202 1786 et
214 1724 357 1787 auxilium
371 1724 522 1806 promittet
535 1724 653 1787 Achaia
667 1724 776 1809 ijs,
956 1727 1022 1791 325

60 1821 163 1901 Quum,
177 1836 312 1885 cessante
327 1843 395 1886 meo
407 1844 462 1905 pro
477 1823 581 1886 vestris
595 1835 715 1906 pectore
728 1823 828 1900 rebus,

59 1919 150 2003 Ajacis
164 1920 261 1982 stolidi
276 1918 390 1983 Danais
399 1920 531 1983 sollertia
543 1920 645 2004 prosit.

10 2036 12 2053 ³
59 2016 96 2080 Sis
106 2017 179 2081 licit
191 2017 315 2080 infestus
328 2017 424 2094 sociis,
439 2018 571 2102 regique,
585 2018 727 2102 mihique,

58 2112 131 2177 Dure
147 2115 333 2190 Philoctete;
355 2114 426 2176 licit
435 2135 604 2192 exsecrere,
619 2136 779 2198 meumque

56 2210 207 2274 Devoveas
221 2212 284 2275 sine
298 2211 356 2273 fine
370 2225 478 2294 caput;
499 2212 661 2295 cupiasque
677 2211 786 2274 dolenti
956 2213 1021 2276 330

54 2307 100 2371 Me
114 2310 166 2372 tibi
181 2309 256 2395 sorte
271 2308 342 2386 dari,
357 2322 547 2393 nostrumque
563 2309 677 2372 haurire
695 2330 847 2386 cruorem3
911 2327 915 2333 ·

55 2407 163 2492 [thue
179 2408 221 2470 tui
236 2406 318 2484 mihi,
333 2407 375 2468 sic
389 2406 439 2469 fiat
453 2407 505 2470 tibi
519 2407 605 2490 copia
618 2407 708 2471 nostri
718 2407 739 2488 z]

53 2503 209 2568 'letamen
224 2505 391 2587 aggrediar:
417 2507 608 2589 [mecumque
622 2506 763 2567 reducere
778 2504 878 2584 nitar]

51 2600 183 2686 Tamque
198 2602 257 2665 tuis
271 2602 366 2686 potiar
382 2600 496 2686 (faveat
510 2601 657 2689 Fortuna)
674 2600 795 2682 sagittis,
874 2685 879 2692 ί

51 2698 147 2773 Quam
162 2722 229 2763 sum
244 2698 406 2776 Dardanio,
419 2720 506 2783 quem
522 2701 600 2782 cepi,
615 2713 682 2762 vate
696 2697 824 2782 potitus:
953 2697 1017 2760 335

49 2795 147 2869 Quam
161 2817 304 2880 respousa
318 2796 420 2872 deum,
435 2795 625 2880 Trojanaque
640 2796 708 2873 lata,
724 2793 835 2858 retexi:

50 2892 144 2966 Quam
159 2894 244 2977 rapui
258 2892 396 2976 Phrygiae
410 2894 526 2975 signum
540 2895 691 2977 penetrale
709 2892 854 2959 Minervae

50 2989 186 3054 Hostibus
203 3012 220 3052 e
233 2991 349 3054 mediis.
394 2990 437 3054 Et
452 3013 484 3053 se
497 2992 570 3054 mihi
585 3007 735 3077 comparat
750 2992 853 3079 Ajaxl

48 3085 160 3173 Nempe
175 3088 244 3172 capi
257 3087 379 3173 Trojanr
394 3089 588 3171 prohibebant
601 3089 662 3154 fata
676 3091 738 3154 sine
753 3092 821 3156 illis.

48 3182 138 3248 Fortis
152 3186 204 3248 ubi
220 3197 266 3248 est
280 3185 384 3271 Ajax?
405 3185 457 3248 ubi
467 3199 538 3249 aunt
552 3187 682 3270 ingentia
695 3189 794 3269 magni
953 3192 1018 3256 340

49 3278 142 3348 Verba
156 3283 233 3347 viri?
255 3281 322 3347 Cur
335 3283 385 3346 hic
399 3283 529 3346 metuis?
549 3306 604 3348 eur
617 3285 707 3348 audet
721 3284 847 3367 Ulysses

345 3382 411 3443 ll*
