2356 4110
155 327 217 393 132
474 328 825 382 unrauonenosnou

154 485 309 567 Factaque
323 482 469 545 'Ilrre'ioiis
484 482 614 564 ingentia
629 481 751 542 vulnera
765 479 842 542 telis.
1073 487 1138 548 530

153 581 288 645 Troades
302 581 486 642 exclamant:
510 578 657 641 obmutuit
673 579 722 640 illa
737 578 857 654 dolore3

153 679 196 742 Et
211 680 318 763 pariter
333 675 449 754 vocem,¹
461 677 666 759 lacrymasque
682 676 821 736 introrsus
835 675 954 739 obortas

154 775 289 838 Devorer
303 776 366 859 ipse
381 775 480 837 dolor:
504 775 636 857 duroque
651 772 796 835 simillima
810 793 885 836 saxo

154 871 286 956 Torpet:
310 884 342 935 et
356 871 481 935 adversi
494 871 556 953 figit
570 870 659 931 modo
674 870 784 931 lumina
798 871 894 947 terra;

154 970 306 1034 Interdum
320 984 419 1032 torvos
434 970 558 1031 sustollit
573 968 610 1029 ad
625 968 733 1029 ethera
749 968 863 1030 vultus:
1070 973 1129 1034 535

155 1068 246 1133 Nunc
261 1069 346 1152 positi
361 1081 476 1151 spectat
491 1067 616 1141 vultum,
632 1086 710 1126 nunc
726 1064 857 1141 vulnera,
873 1067 946 1145 nati,

157 1164 291 1229 Vulnera
306 1165 469 1249 precipue:
493 1184 584 1247 seque
600 1176 692 1224 armat
707 1175 738 1223 et
752 1162 865 1225 instruit
880 1164 934 1227 ira.

156 1265 231 1338 Qua
245 1264 330 1327 simul
346 1263 464 1337 exarsit,
479 1275 619 1344 tanquam
634 1261 734 1342 regina
747 1275 891 1338 maneret,

156 1361 269 1424 Ulcisci
283 1361 400 1435 statuit3
424 1379 579 1443 poenaeque
594 1358 623 1419 in
639 1358 767 1439 imagine
782 1371 844 1420 tota
859 1373 916 1422 est.

155 1457 258 1541 thue
273 1457 341 1520 furit
354 1457 452 1519 catulo
466 1455 595 1517 lactente
610 1456 711 1516 orbata
726 1455 827 1532 leaena,
1071 1462 1130 1522 540

156 1554 305 1639 Signaque
321 1568 407 1616 nacta
422 1554 543 1637 pedum,
559 1553 699 1635 sequitur,
716 1573 804 1636 quem
819 1575 879 1614 non
892 1554 985 1633 videt,
997 1557 1128 1620 hostem:

156 1653 207 1716 Sic
222 1652 360 1729 Hecube,
377 1666 533 1735 postquam
548 1672 617 1712 cum
632 1651 714 1712 luctu
727 1650 844 1712 miscuit
859 1649 943 1730 iram,

157 1751 227 1814 Non
243 1752 332 1814 oblita
346 1751 520 1825 animorum,
536 1769 679 1810 annorum
694 1748 783 1810 oblita
798 1769 928 1828 suorum,

159 1849 251 1912 Vadit
265 1851 302 1912 ad
317 1850 456 1912 artificem
472 1848 539 1910 dirae
554 1847 761 1930 Polymestore
774 1846 881 1909 cedis:

157 1948 407 2032 Colloquiumque
423 1947 516 2031 petit:
540 1967 606 2007 nam
623 1965 655 2007 se
669 1958 832 2006 monstrare
847 1945 984 2009 relictum
1070 1950 1131 2011 545

158 2045 245 2107 Velle
260 2047 353 2106 latens
369 2046 418 2121 illi,
435 2044 513 2128 quod
528 2057 597 2105 nato
611 2042 758 2118 redderet,
774 2062 888 2104 aurum.

157 2141 292 2204 Credidit
306 2141 469 2224 Odrysius:
493 2141 656 2224 praedaeque
672 2140 810 2202 adsuetus
825 2161 925 2202 amore

157 2242 191 2304 ln
208 2255 322 2304 secreta
337 2241 433 2303 venit:
456 2263 526 2303 cum
539 2241 648 2303 blando
661 2241 784 2304 callidus
799 2263 861 2318 ore,

158 2341 265 2402 ‘Tolle
279 2361 387 2415 moras,
402 2337 551 2416 Hecube,'
567 2339 658 2401 dixit:
682 2339 739 2400 ‘da
753 2360 876 2401 munera
891 2354 979 2417 nato.¹

157 2438 258 2500 Omne
274 2436 335 2499 lore
350 2437 425 2498 illius
441 2438 520 2520 quod
535 2438 597 2514 das,
615 2437 695 2519 quod
709 2450 740 2498 et
754 2437 823 2498 ante
838 2438 954 2516 dedisti,
1071 2441 1131 2503 550

158 2535 219 2598 Per
233 2555 355 2617 superos
365 2533 455 2616 juro!
500 2535 624 2617 Spectat
639 2535 804 2596 truculenta
821 2536 1005 2619 loquentem,

157 2633 306 2716 Falsaque
316 2631 482 2717 jurantem:
505 2632 677 2716 tumidaque
693 2648 836 2696 exastuat
850 2634 910 2711 irri3

158 2734 259 2816 Atque
274 2732 316 2794 ita
331 2744 499 2814 correptum
513 2731 695 2815 captivarum
711 2732 827 2812 agmine
842 2744 969 2794 matrum

157 2830 283 2906 Involat,
298 2843 329 2892 et
344 2829 448 2912 digitos
464 2830 493 2891 in
508 2828 619 2913 perfida
632 2828 745 2890 lumina
759 2829 869 2906 condit,

160 2928 371 3010 Exspoliatque
388 2950 477 3009 genas
491 2927 583 2990 oculis
601 2925 684 3013 (facit
698 2927 740 2988 ira
756 2925 920 3011 valentem)
1071 2929 1132 2991 555

160 3024 368 3106 lmmergitque
384 3047 503 3087 manus:
528 3025 696 3108 foedataque
711 3025 853 3104 sanguine
868 3026 945 3088 sonti

159 3121 227 3185 Non
242 3123 354 3198 lumen,
369 3143 466 3203 neque
482 3123 560 3183 enirn
575 3135 719 3204 superest,
733 3122 799 3184 loca
813 3122 932 3185 luminis
947 3123 1055 3188 haurit.

200 3220 296 3284 Clade
312 3218 356 3280 sui
371 3217 523 3279 Thracum
538 3240 610 3299 gens
625 3219 732 3281 irritata
747 3220 865 3302 tyranni

157 3319 278 3383 Troada
292 3317 419 3380 telorum
434 3315 624 3398 lapidumque
640 3318 787 3380 incessere
799 3317 883 3402 jactu

157 3418 272 3500 Coepit.
318 3416 361 3478 At
376 3416 439 3476 haec
454 3413 575 3475 missurn
589 3435 678 3477 rauco
692 3437 761 3479 curn
777 3436 927 3478 murmure
941 3436 1050 3480 saxum
1071 3419 1137 3482 560

157 3513 305 3578 Morsibus
321 3512 497 3597 insequitur:
520 3511 654 3595 rictuque
668 3514 698 3576 in
713 3514 803 3577 verba
817 3528 920 3600 parato
