2356 4110
106 332 168 394 148
416 340 765 391 unranonrnosaon
833 400 837 407 ¹

257 633 371 677 ruunt
399 633 508 674 cresin
528 632 564 674 tn
587 632 739 675 oonnrnn
761 633 924 679 manos.

533 769 563 809 v.
574 748 649 809 746.

144 879 249 945 Cesar
261 882 291 945 in
305 880 391 944 Urbe
404 879 459 943 suh
473 881 545 943 deus
560 895 621 944 est:
646 903 735 965 quem
750 881 849 946 Marte
866 886 994 973 togique

102 978 303 1063 Praeoipuum,
320 1002 379 1042 non
394 980 473 1042 bella
487 977 580 1060 magis
595 980 677 1042 finita
690 980 855 1063 triumphis,
1014 988 1066 1048 200

101 1078 226 1162 Resque
243 1079 323 1140 domi
337 1091 437 1160 gestae,
452 1091 668 1160 properataque
680 1079 770 1159 gloria
785 1100 885 1142 rerum

101 1175 136 1239 In
151 1177 230 1239 sidus
246 1178 361 1238 vertere
376 1197 500 1252 novum,
513 1175 688 1258 stellamque
702 1190 884 1256 comantem,

101 1273 206 1347 Quam
220 1295 273 1336 sua
287 1273 453 1356 progenies.
497 1271 607 1356 Neque
622 1273 701 1336 enim
716 1274 754 1336 de
769 1273 898 1338 Caesaris
913 1277 987 1340 actis

100 1370 204 1433 Ullum
219 1370 315 1454 majus
328 1391 414 1452 opus
431 1370 520 1454 quam
535 1370 615 1454 qudd
631 1385 715 1454 pater
728 1372 842 1435 exstitit
856 1374 955 1460 hujus.

101 1468 220 1531 Scilicet
237 1489 386 1552 aequoreos
401 1468 467 1550 plus
484 1481 528 1530 est
544 1468 692 1530 domuisse
707 1468 879 1548 Britannos,
1014 1471 1067 1534 205

100 1565 220 1649 Perque
237 1564 396 1648 papyriferi
409 1565 587 1648 septemflua
602 1565 725 1629 flumina
740 1565 801 1630 Nili

101 1661 246 1726 Victrices
260 1663 357 1744 egisse
371 1676 459 1739 rates,
476 1661 677 1747 Numidasque
692 1665 831 1743 rebelles,

101 1760 346 1845 Cinyphiumque
361 1759 483 1838 Jubam,
497 1759 757 1846 Mithridateisque
772 1777 940 1828 tumentem

100 1857 277 1921 Nominibus
292 1857 436 1936 Pontum,
449 1859 560 1941 populo
575 1859 716 1944 adjecisse
732 1860 862 1938 Quirini,

100 1955 143 2019 Et
156 1957 263 2018 multos
278 1957 430 2034 meruisse,
446 1957 559 2041 aliquos
574 1957 669 2039 egisse
685 1959 859 2041 triumphos,
941 1988 943 1992 ⁸

101 2055 204 2127 Quem
218 2068 332 2118 tantum
347 2055 483 2136 genuisse
500 2056 603 2132 virum,
620 2077 679 2139 quo
693 2057 815 2138 preside
829 2079 930 2120 rerum

100 2150 241 2214 Humano
256 2152 366 2233 generi,
383 2152 491 2235 superi,
506 2153 623 2214 cavistis
638 2154 766 2236 abunde.

99 2247 130 2310 N
132 2270 148 2310 e
164 2248 238 2311 soret
252 2248 300 2310 hic
314 2248 400 2330 igitur
414 2249 528 2311 mortali
542 2250 654 2311 semine
669 2263 778 2328 cretus,

99 2345 153 2409 llle
170 2347 242 2408 deus
257 2346 408 2409 faciendus
422 2360 494 2410 erat.
540 2346 633 2420 Quod
648 2361 681 2410 ut
695 2369 784 2411 aurea
800 2349 871 2412 vidit

98 2444 203 2508 AEneae
219 2445 366 2527 genitrix;
390 2445 462 2507 vidit
476 2466 594 2529 quoque
609 2446 689 2508 triste
704 2447 799 2529 parari

99 2541 235 2604 Pontifici
250 2542 355 2617 letum,
369 2555 399 2604 et
413 2542 564 2626 conjurata
578 2564 659 2605 arma
673 2545 796 2607 moveri.

99 2639 226 2703 Palluit:
252 2652 282 2701 et
297 2639 422 2715 cunctiS,
437 2653 471 2701 ut
485 2639 592 2723 cuique
609 2655 671 2704 erat
686 2641 783 2718 obvia,
799 2642 886 2720 divis,

99 2737 272 2819 ‘Adspice,'
289 2737 417 2814 dicebat,
433 2737 563 2821 ‘quanti
576 2738 646 2800 mihi
662 2740 740 2801 mole
757 2753 898 2821 parentur

99 2835 231 2898 Insidiae:
257 2837 426 2920 quantique
441 2850 532 2919 caput
545 2858 615 2898 cum
630 2835 731 2897 fraude
747 2850 875 2919 petatur.

98 2933 193 3006 Quod
208 2934 245 2994 de
261 2933 414 2997 Dardanio
428 2936 522 2997 solum
538 2934 609 2996 mihi
620 2947 709 2996 restat
720 2933 796 2996 liilo.

99 3030 207 3092 Solane
223 3051 342 3112 semper
356 3053 405 3093 ero
417 3032 502 3115 justis
518 3033 649 3094 exercita
663 3032 760 3094 curis?

99 3126 201 3201 Quam
217 3126 307 3188 modd
322 3127 449 3209 Tydidae
465 3127 634 3211 Calydonia
648 3129 783 3191 vulneret
798 3129 895 3207 hasta,

97 3225 188 3289 Nunc
202 3224 280 3287 male
295 3223 422 3285 desensae
437 3224 617 3289 confundant
633 3227 742 3289 moenia
757 3227 875 3312 Trojae:

98 3322 176 3396 Quae
192 3323 309 3386 videam
324 3336 426 3384 natum
441 3322 534 3403 longis
550 3326 692 3386 erroribus
708 3339 820 3403 actum,

96 3420 265 3505 laetarique
281 3419 365 3497 sreto,
380 3419 526 3502 sedesque
542 3420 648 3484 intrare
664 3423 815 3501 silentim,

97 3518 243 3603 Bellaque
258 3541 328 3582 cum
342 3518 447 3581 Turno
462 3539 575 3601 gerere,
591 3536 651 3598 aut,
666 3522 691 3584 si
706 3543 776 3584 vera
790 3521 927 3595 fatemur,
