2356 4110
501 111 674 163 amaron
696 115 729 165 x.
1042 117 1101 180 163

134 255 199 322 lude
213 283 271 342 ego
288 259 372 348 (nam
388 261 482 324 ventis
498 283 615 346 quoque
630 284 696 325 sum
710 264 877 327 crudelibus
891 263 959 351 usa)

170 357 238 420 Vidi
253 359 395 442 precipiti
407 359 528 423 carbasa
543 374 623 423 tenta
637 359 730 423 Noto.
1058 367 1101 427 30

128 455 187 518 Aut
202 456 280 518 vidi:
304 457 468 533 autetiam,
483 457 552 519 cirm
567 479 615 518 me
632 458 737 520 vidisse
751 473 897 541 putarem,

166 553 312 637 Frigidior
325 554 418 637 glacie
432 554 659 640 semanimisque
675 554 728 617 sui,

127 650 188 715 Nec
203 654 343 735 languere
359 653 409 715 diir
423 654 532 736 patitur
546 653 638 715 dolor.
683 653 808 716 Excitor
826 654 887 732 illo,

165 749 301 827 Excitor,
317 765 347 812 et
361 751 477 813 summai
491 749 612 813 Thesea
628 773 702 814 voce
720 773 802 813 voco.

128 846 214 920 ‘Quo
229 847 305 930 sugis
314 848 343 939 ?'·
360 849 512 911 exclamo:
537 854 544 884 ‘
557 849 710 926 scelerate,
724 862 882 926 revertere,
898 849 1032 913 Theseu.
1054 855 1097 916 35

165 945 271 1008 Flecte
286 960 396 1008 ratem:
419 967 575 1008 numerum
589 968 649 1008 non
664 947 753 1008 habet
767 947 816 1008 illa
830 947 940 1009 suum!

49 1066 56 1122 5
130 1040 196 1106 Hac
211 1065 280 1125 ego.
325 1041 418 1116 Quod
432 1043 499 1106 voci
514 1043 625 1119 deerat,
641 1044 779 1127 plangore
795 1044 957 1127 replebam.

167 1140 300 1203 Verbera
314 1163 383 1203 cum
399 1142 495 1204 verbis
510 1141 597 1203 mista
611 1140 692 1202 sutire
707 1141 793 1203 meis.

134 1236 227 1302 Sinon
242 1239 368 1317 audires,
383 1253 417 1301 ut
430 1239 535 1301 saltem
549 1259 670 1301 cernere
685 1259 798 1321 posses,

167 1335 287 1398 Jactatae
301 1335 360 1398 late
376 1335 458 1418 signa
472 1336 582 1398 dedere
597 1357 711 1398 manus,

137 1429 318 1518 Candidaque
332 1434 459 1517 imposui
472 1434 565 1515 longa
583 1433 727 1495 velamina
742 1433 839 1515 virga,

35 1547 56 1604 lo
168 1531 285 1595 Scilicet
299 1531 405 1594 oblitos
419 1531 602 1594 admonitura
616 1531 686 1594 mei.

137 1624 248 1713 lamque
263 1630 357 1692 oeulis
371 1643 490 1712 ereptus
506 1649 586 1691 eras:
610 1644 671 1691 tum
688 1628 814 1711 denique
830 1627 910 1690 flevi.

167 1725 353 1810 Torpuerant
367 1727 472 1789 molles
487 1726 555 1790 ante
570 1726 672 1789 dolore
687 1747 780 1808 gena.

65 1838 72 1911 j
138 1817 204 1893 Quid
218 1823 317 1908 potiris
332 1823 472 1900 facerent,
488 1825 576 1907 quam
592 1845 640 1886 ma
655 1844 722 1885 mea
736 1823 847 1885 lumina
860 1821 974 1900 flerent,
1052 1825 1095 1887 45

166 1920 327 2006 Postquam
342 1921 486 1984 desierant
502 1922 568 1984 vela
582 1921 681 1984 videre
696 1922 768 1983 tua?

10 2034 40 2094 15
64 1966 73 2103 l,
136 2014 185 2082 lut
198 2042 255 2103 ego
271 2019 382 2082 diffusis
397 2020 490 2083 erravi
504 2021 566 2082 sola
580 2019 703 2102 capillis,

64 2166 71 2215 ἓ
165 2116 270 2190 Qualis
285 2117 324 2180 ab
337 2116 458 2201 Ogygio
471 2117 586 2180 concita
600 2115 723 2178 Baccha
738 2117 812 2178 deo:

62 2218 70 2233 ¹
134 2211 184 2278 dut
197 2236 279 2278 mare
293 2215 473 2299 prospiciens
489 2215 518 2277 in
532 2236 605 2276 saxo
619 2213 722 2294 frigida
735 2212 815 2275 sedi:

163 2311 325 2398 Quamque
340 2312 414 2397 lapis
428 2313 525 2389 sedes,
539 2326 600 2374 tarn
615 2311 688 2394 lapis
703 2309 767 2393 ipsa
781 2309 833 2373 sui.
1009 2379 1011 2384 .
1052 2314 1095 2376 50

130 2407 205 2494 Saepe
221 2426 318 2473 torum
333 2424 447 2494 repeto,
463 2409 580 2494 quinos
596 2423 752 2492 acceperat
766 2409 887 2485 ambos;

12 2526 29 2583 n
163 2509 223 2571 Sed
238 2532 298 2571 non
314 2523 453 2592 acceptos
467 2507 650 2570 exhibiturus
665 2521 737 2568 erat.

126 2604 162 2669 Et
176 2622 236 2685 tua,
252 2607 312 2691 quai
325 2628 456 2691 possum,
471 2627 525 2689 pro
539 2619 580 2682 te,
597 2604 718 2685 vestigia
732 2618 838 2682 tang03

162 2705 331 2788 Strataque,
346 2726 409 2788 quae
425 2703 563 2766 membris
574 2703 727 2786 intepuere
742 2699 809 2761 tuis.

123 2801 283 2879 lucumbo;
306 2801 500 2884 lacrymisque
515 2815 580 2863 toro
593 2812 730 2862 manante
747 2795 882 2880 profusis,
1052 2801 1097 2864 55

162 2909 171 2938 ‘
180 2898 368 2976 Pressimus,'
384 2899 532 2976 exclamo,
547 2906 594 2960 ‘te
610 2897 686 2959 duo:
710 2896 800 2958 redde
816 2895 899 2958 duos.

122 2999 267 3062 Venimus
282 2999 342 3060 huc
357 2997 461 3059 ambo:
484 3017 537 3059 cur
550 3018 608 3058 non
624 2994 799 3057 discedimus
816 2994 924 3057 ambo?

160 3095 292 3172 Perfida,
308 3117 375 3178 pars
389 3095 489 3170 nostri,
504 3093 623 3170 lectule,
637 3090 730 3176 major
744 3092 794 3154 ubi
809 3105 854 3153 est
865 3091 888 3154 3'

118 3193 203 3268 Quid
219 3192 348 3257 faciam?
393 3189 467 3266 Qua
481 3191 544 3252 sola
558 3187 653 3252 serar?
698 3187 795 3251 Vacat
809 3188 903 3251 insula
915 3188 1008 3251 cultu.

52 3254 59 3413 l
160 3289 232 3354 Non
247 3289 400 3352 hominum
416 3287 514 3364 video,
528 3307 587 3349 non
602 3308 658 3369 ego
673 3285 749 3349 sacta
763 3285 864 3346 bourn.

413 3448 549 3638 NR
