2356 4110
442 327 526 394 nur,
547 330 691 381 anunm.

110 478 233 563 Irriguae
249 479 365 542 dabitur
379 500 438 542 non
452 481 525 543 mihi
539 482 637 544 sulcus
656 501 749 564 aque.

76 576 116 640 At
129 577 200 640 cinn
215 590 345 640 maturas
360 578 427 640 lisso
440 600 518 640 nova
531 579 639 641 cortice
653 579 742 641 rimas

116 674 191 739 Nux
205 676 284 757 agit;
306 675 344 739 ad
358 690 457 759 partes
471 677 582 760 pertica
596 697 674 738 saeva
689 677 779 738 venit.

28 802 31 809 ·
80 767 195 836 Pertica
208 774 260 835 dat
274 773 369 857 plenis
385 773 507 836 immitia
522 774 644 835 vulnera
658 773 763 850 ramis3

120 869 168 933 Ne
183 871 295 954 possim
309 871 441 954 lapidum
455 872 579 933 verbera
593 871 655 932 sola
670 870 763 953 queri.

87 961 174 1030 Poma
187 967 307 1044 cadunt,
322 959 428 1029 mensis
443 989 502 1030 non
516 967 669 1029 interdicta
685 967 840 1044 secundis3

124 1064 163 1127 Et
176 1064 279 1127 condis
293 1065 395 1143 lectas,
410 1087 499 1148 parca
517 1065 633 1141 colona,
648 1085 749 1126 nuces.

93 1155 179 1239 Felix,
193 1177 307 1225 secreto
322 1184 386 1246 quae
399 1177 469 1225 nata
485 1176 530 1225 cst
543 1162 628 1225 arbor
641 1163 671 1224 in
686 1184 773 1240 arvo;

124 1259 163 1322 Et
177 1261 231 1322 soli
246 1260 365 1322 domino
380 1260 454 1324 ferre
469 1260 577 1323 tributa
592 1261 708 1343 potest!
1007 1265 1052 1327 70

93 1347 150 1418 Non
164 1357 317 1419 hominum
331 1359 470 1441 strepitus
485 1357 576 1434 audit,
591 1379 650 1420 non
664 1358 714 1420 illa
734 1371 878 1422 rotarum:

123 1453 191 1517 Non
206 1476 225 1516 a
239 1455 552 1538 vicinitpnlverulenta
568 1453 615 1517 vid
630 1468 685 1517 est.

83 1540 136 1613 Illa
149 1573 213 1629 suo,
229 1573 411 1636 quaecunque
426 1553 502 1631 tulit,
517 1553 586 1615 dare
602 1551 679 1614 dona
692 1552 809 1629 colono,

123 1649 164 1711 Et
179 1651 281 1733 plenos
295 1648 405 1713 fructus
419 1652 610 1714 adnumerare
626 1663 732 1732 potest.

68 1738 125 1809 At
138 1747 209 1810 mihi
223 1761 351 1810 maturos
365 1770 514 1833 nunquam
529 1748 600 1810 licet
614 1748 703 1810 edere
718 1746 825 1824 soetus3
1009 1749 1051 1810 75

125 1844 205 1907 Ante
220 1844 359 1928 diemque
373 1866 446 1908 mea
463 1845 650 1907 decutiuntur
668 1864 752 1927 opes.

56 1923 207 2003 Lamina
221 1941 315 2004 mollis
330 1941 427 2004 adhuc
441 1955 543 2004 tenero
558 1942 630 2004 dum
643 1942 729 2017 lacte,
745 1940 824 2024 quod
839 1940 914 2004 intrd
929 1954 991 2018 est;

125 2037 190 2101 Nec
204 2039 283 2107 maia
298 2053 365 2102 sunt
379 2039 432 2102 ulli
445 2053 544 2102 nostra
557 2039 654 2103 futura
668 2038 764 2100 bono:

48 2116 151 2197 Jarn
165 2149 265 2198 tamen
280 2136 423 2215 invenias,
440 2137 489 2220 qni
504 2158 552 2198 me
563 2135 740 2220 jaculentur,
756 2147 787 2197 et
800 2135 861 2197 ictu

124 2233 326 2296 Praefestinato
340 2256 447 2307 munus
462 2235 550 2295 inane
565 2246 678 2315 petant.
1009 2233 1053 2295 80

49 2313 116 2392 Si
129 2331 180 2392 fiat
194 2336 283 2413 rapti,
296 2330 346 2403 fiat
359 2349 496 2393 mensura
509 2329 613 2405 relicti,

109 2425 273 2511 ,Majorern
287 2426 397 2510 domini
411 2439 504 2510 parte,
519 2425 622 2502 viator,
637 2425 737 2489 habes.

50 2510 169 2608 Sapo
185 2524 303 2608 aliquis„
313 2523 387 2586 foliis
401 2537 435 2587 ut
448 2524 527 2586 nuda
542 2523 695 2587 cacumina
710 2522 793 2600 vidit,

125 2621 202 2684 Esse
220 2635 304 2704 putat
318 2620 424 2692 Boreae
439 2622 519 2684 triste
534 2621 654 2684 furentis
669 2641 754 2704 opus

55 2714 217 2781 Estibus
231 2719 289 2795 hic,
303 2718 352 2781 hic
366 2738 416 2781 me
430 2719 583 2802 spoliatam
598 2717 702 2799 frigore
716 2716 808 2779 credit
818 2738 839 2804 :¹
1010 2716 1054 2778 85

128 2815 186 2877 Est
201 2836 329 2898 quoque,
345 2815 394 2898 qni
407 2814 519 2879 crimen
533 2815 678 2896 grandinis
693 2833 756 2874 esse
772 2823 867 2894 putet.

62 2913 127 2975 At
141 2912 213 2975 mihi
228 2932 285 2974 nec
300 2912 420 2994 grando,
436 2912 513 2974 duris
527 2912 620 2974 invisa
633 2910 755 2984 colonis,

126 3008 194 3072 Nec
209 3023 314 3071 ventus
328 3008 433 3086 fraudi,
449 3010 542 3086 solve,
558 3009 664 3090 geluve
679 3006 743 3069 fuit.

70 3098 213 3169 Fructus
228 3106 328 3169 obest:
352 3106 501 3190 peperisse
515 3119 619 3168 nocet:
642 3117 730 3167 nocet
745 3125 810 3165 esse
825 3101 969 3166 feracem:

129 3203 266 3287 Quaque
281 3203 335 3265 fuit
349 3204 458 3280 multis,
473 3216 503 3264 et
518 3203 589 3265 mihi
603 3203 701 3286 prada
715 3202 793 3264 malo
809 3214 872 3263 est..
1014 3199 1057 3259 90

77 3294 191 3363 Praeda
206 3301 294 3377 malo,
309 3300 470 3384 Polydore,
487 3299 539 3362 suit
553 3300 621 3362 ti'ni:
645 3300 744 3383 praeda
757 3297 889 3361 nesandae

129 3396 273 3481 Conjugis
289 3398 421 3460 Aonium
435 3397 512 3459 misit
526 3397 555 3459 iu
570 3418 651 3459 arma
665 3396 770 3458 virum.

86 3490 226 3578 Hesperii
241 3495 320 3577 regis
335 3495 466 3578 pomaria
480 3507 543 3557 tuta
557 3494 695 3558 fuissent:

131 3591 204 3655 Una¹
214 3591 268 3654 sed
282 3592 440 3655 immensas
455 3591 539 3655 arbor
552 3588 679 3653 habebat
694 3606 777 3669 opes.
866 3631 868 3636 -
