2356 4110
161 318 204 379 62
471 289 818 374 unrnnonrflosnou

202 475 316 539 Verium
330 475 380 537 ubi
394 473 532 536 virtutem
547 474 637 538 turbae
651 476 843 538 succumbere
858 476 941 554 vidit,
1079 485 1137 546 lm

158 573 352 651 ‘Auxilium'
368 572 507 649 Perseus,
523 573 680 656 ‘quoniam
695 574 737 635 sic
751 574 854 655 cogitis
869 575 946 657 ipsi,’

156 672 254 749 Dixit,
269 672 325 734 ‘ab
339 672 423 733 hoste
440 685 559 753 petam3
582 671 678 732 vultus
693 672 816 733 avertite
832 687 955 750 vestros,

156 769 188 832 Si
204 770 268 853 quis
283 769 394 831 amicus
406 769 491 831 adest
501 769 519 830 :’
542 783 572 831 et
588 767 733 850 Gorgonis
748 770 855 831 extulit
868 792 929 832 om.

156 866 285 939 ‘Quaere
299 867 399 944 alium,
414 880 466 929 tua
480 889 569 950 quem
583 880 720 929 moveant
735 867 893 944 miracula,’
910 869 984 932 dixit

155 964 338 1028 Thescelus:
360 979 451 1049 utque
466 987 556 1027 manu
568 964 700 1048 jaculum
716 964 803 1026 fatale
819 967 939 1047 parebat
1074 974 1132 1035 125

154 1061 286 1140 Mittere,
302 1063 331 1126 in
347 1063 404 1126 boc
419 1063 503 1125 haesit
517 1063 633 1143 signum
648 1062 686 1123 de
702 1083 846 1124 mannore
863 1077 959 1144 gestu.

154 1160 313 1223 Proximus
328 1161 397 1223 huic
412 1160 539 1243 Ampyx
554 1160 644 1222 animi
658 1159 827 1242 plenissima
840 1162 939 1242 magni

154 1257 282 1320 Pectora
296 1257 438 1340 Lyncidae
453 1257 550 1339 gladio
564 1257 655 1340 petit:
678 1258 767 1341 inque
782 1259 912 1340 petendo

154 1354 290 1417 Dextera
304 1354 430 1435 diriguit,
446 1376 502 1416 nec
517 1354 589 1416 citri
602 1370 692 1432 mota,
707 1376 763 1416 nec
774 1356 860 1418 ultrix.

156 1453 197 1514 At
212 1451 327 1529 Nileus,
343 1453 392 1536 qui
407 1474 439 1514 se
455 1453 586 1534 genitum
601 1454 796 1537 septemplice
811 1453 881 1516 Nilo
1071 1460 1132 1522 130

153 1549 322 1613 Ementitus
338 1565 410 1627 erat,
425 1551 534 1633 clypeo
549 1572 667 1635 quoque
683 1551 803 1613 flumina
817 1565 933 1635 septem

153 1648 287 1731 Argento
302 1649 418 1732 partim,
434 1651 540 1732 partim
554 1649 709 1711 caelaverat
724 1670 804 1725 auro,

154 1747 326 1831 ‘Adspice,'
343 1749 392 1825 ait,
408 1746 550 1823 ‘Perseu,
566 1760 669 1808 nostre
684 1747 842 1830 primordia
856 1747 968 1829 gentis:

153 1844 266 1928 Magna
279 1845 354 1908 seres
369 1846 472 1908 tacitas
486 1845 589 1906 solatia
602 1845 702 1907 mortis
718 1844 755 1906 ad
769 1845 897 1921 umbras,

152 1944 183 2005 A
198 1957 279 2006 tanto
293 1944 434 2007 cecidisse
452 1943 535 2006 viro!
579 1941 653 2004 Pars
667 1943 770 2004 ultima
784 1941 864 2004 vocis
1070 1948 1130 2010 1³5

152 2039 187 2102 ln
202 2042 300 2103 medio
315 2062 474 2124 suppressa
488 2062 560 2102 sono
575 2053 636 2101 est:
659 2040 856 2123 adapertaque
872 2041 950 2103 velle

152 2135 215 2198 Ora
229 2138 309 2220 loqui
324 2138 444 2213 credas3
465 2158 521 2198 nec
536 2151 603 2199 sunt
618 2158 656 2198 ea
669 2138 770 2219 pervia
785 2138 891 2200 verbis.

152 2232 289 2316 Increpat
304 2234 368 2310 hos,
384 2233 545 2317 ‘Vitioque
561 2234 660 2310 animi,
675 2256 734 2296 non
749 2235 897 2312 crinibus,'
913 2235 1018 2319 iuquit,

152 2330 335 2414 ‘Gorgoneis
350 2332 492 2415 torpetis,’
509 2331 612 2415 Eryx:
636 2332 790 2395 ‘incurrite
805 2354 942 2410 mecum;
977 2332 978 2337 ’

152 2429 193 2492 Et
208 2431 381 2512 prosternite
397 2430 478 2493 humi
490 2429 643 2514 juvenem,
657 2431 771 2511 magica
786 2452 866 2492 arma
879 2435 1073 2496 moventem.'

151 2527 321 2589 Incursurus
337 2541 399 2588 erat
408 2549 416 2602 3
438 2528 531 2589 tenuit
547 2529 669 2609 vestigia
683 2528 786 2590 tellus:
1068 2536 1124 2597 141

151 2623 353 2708 Immotusque
369 2624 454 2701 silex,
470 2637 639 2708 armataque
653 2625 761 2687 mansit
775 2625 881 2708 imago.

151 2719 192 2785 Hi
208 2737 306 2786 tamen
322 2743 362 2785 ex
376 2723 481 2785 merito
496 2744 616 2807 poeuam
631 2724 765 2800 subiere3
787 2723 839 2787 sed
854 2746 929 2786 unus

150 2820 240 2884 Miles
255 2836 317 2883 erat
332 2821 445 2899 Persei,
461 2843 585 2906 proquo
600 2822 670 2882 dum
685 2834 807 2904 pugnat,
824 2821 989 2901 Aconteus,

150 2918 290 2999 Gorgone
305 2921 468 3003 conspecti
481 2942 555 2983 saxo
569 2919 719 2986 concrevit
733 2920 846 2981 oborto.
1065 2925 1124 2985 145

150 3012 253 3085 Quem
268 3028 345 3076 ratus
360 3017 510 3098 Astyages
525 3018 685 3079 etiamnum
699 3017 811 3093 vivere,
826 3017 915 3099 longo

150 3109 231 3172 Ense
247 3110 330 3173 serit:
352 3114 449 3174 sonuit
462 3114 611 3175 tinnitibus
627 3114 704 3176 ensis
719 3115 823 3176 acutis.

153 3208 233 3269 Dum
248 3221 346 3290 stupet
361 3207 521 3290 Astyages,
536 3224 668 3272 naturam
683 3212 772 3274 traxit
787 3213 931 3275 eandem:

149 3304 377 3390 Marmoreoque
393 3320 493 3369 manet
507 3308 604 3369 vultus
619 3309 748 3373 mirantis
763 3312 793 3373 in
807 3331 869 3373 ore.

149 3401 280 3466 Nomina
293 3405 382 3487 longa
394 3426 477 3466 mora
491 3417 535 3467 est
548 3405 648 3466 medii
662 3407 699 3469 de
715 3408 802 3491 plebe
818 3409 946 3471 virorum
1064 3413 1126 3474 150

149 3496 270 3562 Dicere.
315 3502 369 3564 Bis
383 3517 502 3566 centum
518 3503 665 3566 restabant
679 3526 802 3588 corpora
816 3527 939 3589 pugnae:
