2356 4110
434 435 437 439 ,
525 384 633 434 LIBER
652 386 674 434 Ι.
1065 385 1087 444 9

96 536 189 610 Quos
204 535 296 598 simul
308 511 585 633 impunemeqsa,
601 536 926 618 egorandaeflamma
1022 542 1087 603 aaa

96 634 133 697 ln
151 634 277 697 domino
292 634 395 716 dignos
411 633 505 696 everti
519 646 600 696 tecta
614 634 756 697 Penates.

97 733 240 797 Territus
255 733 304 796 ille
320 732 412 814 fugio
433 746 596 817 nactusque
611 733 725 796 silentia
739 735 813 797 ruris

99 832 262 909 Extdulat‚
277 831 439 915 frustraque
455 831 536 915 loqui
549 845 687 894 conatur:
711 834 747 894 ab
763 833 828 916 ipso

100 930 234 1013 Colligit
244 953 277 992 os
292 931 415 1007 rabiem,
430 930 581 1013 solitaeque
596 930 735 1013 cupidine
751 932 839 994 caedis

102 1028 241 1090 Vertitur
255 1029 285 1091 in
299 1029 448 1112 pecudes:
472 1041 502 1089 et
517 1050 595 1090 nunc
611 1050 729 1112 quoque
745 1031 886 1112 sanguine
900 1033 1020 1114 gaudet.

101 1127 142 1190 In
158 1127 241 1188 villos
257 1127 367 1188 abeunt
382 1137 490 1203 vestes,
505 1125 535 1188 in
549 1147 635 1188 crura
653 1127 764 1189 lacerti.
1022 1132 1086 1194 236

102 1225 160 1288 Fit
174 1226 271 1308 lupus,
287 1239 318 1287 et
333 1225 441 1288 veteris
455 1239 554 1287 servat
570 1225 693 1308 vestigia
707 1224 816 1288 sonnae.

102 1323 241 1387 Canities
257 1323 362 1387 eadem
381 1337 436 1401 est,
452 1324 559 1386 eadem
574 1323 712 1386 violentia
727 1325 827 1388 vultu:

101 1422 192 1484 Idem
208 1422 286 1485 oculi
300 1422 418 1484 lucent:
442 1422 548 1484 eadem
563 1422 685 1486 feritatis
700 1424 808 1506 imago.

149 1520 270 1584 Occidit
284 1542 344 1583 una
359 1521 480 1584 domus:
504 1521 631 1584 sednon
647 1522 751 1584 domus
766 1545 826 1585 una
840 1524 936 1608 perire
1022 1526 1087 1587 240
1116 1533 1128 1546 ⁸

103 1620 208 1703 Digna
221 1619 294 1683 suit:
318 1618 379 1705 quai
394 1633 470 1682 terra
484 1633 578 1705 patet,
593 1618 655 1682 sera
668 1634 771 1702 regnat
786 1616 927 1706 Erinnys.

101 1719 141 1782 ln
156 1719 270 1783 sacinus
281 1718 396 1804 jurasse
411 1732 509 1803 putes.
554 1717 639 1781 Dent
653 1719 736 1782 ocibs
751 1741 865 1797 omnes,

102 1817 192 1893 Quas
206 1816 345 1881 meruere
361 1818 423 1903 pati
440 1815 497 1904 (sic
511 1829 569 1880 stat
582 1815 743 1902 sententia)
761 1817 886 1900 poenas.’

510 2057 685 2102 mnuku.

539 2258 573 2304 v.
585 2238 659 2298 244.

103 2410 200 2474 Dicta
214 2407 235 2470 J
237 2409 301 2471 ovis
315 2429 382 2492 pars
397 2429 472 2472 voce
488 2409 623 2494 probant,
638 2407 831 2492 stimulosque
845 2408 952 2473 furenti

103 2508 281 2592 Adjiciunt:
304 2507 352 2570 elii
365 2520 463 2591 partes
478 2507 649 2569 adsensibus
664 2505 799 2590 implent.
1025 2511 1090 2572 245

104 2607 166 2671 Est
181 2621 283 2669 tamen
296 2606 418 2669 humani
433 2606 549 2690 generis
560 2604 676 2690 jactura
692 2605 784 2668 dolori

105 2705 275 2770 Omnibus:
298 2718 339 2783 et,
354 2726 418 2789 que
434 2705 471 2768 sit
486 2718 579 2782 terra,
594 2704 764 2767 mortalibus
779 2703 867 2781 orbae,

106 2803 224 2866 Forma
237 2803 342 2882 firtura,
356 2816 477 2887 rogant:
501 2804 565 2888 quis
579 2803 616 2866 sit
630 2803 741 2866 laturus
756 2803 786 2863 in
802 2822 865 2891 aras

105 2902 236 2966 Thura?
257 2901 363 2965 ferisne
378 2916 461 2987 paret
476 2902 659 2986 populandas
674 2899 789 2962 tradere
805 2902 929 2981 gentes?

106 3000 199 3064 Talia
214 3014 377 3085 quaerentes
395 2998 465 3087 (sibi
480 3001 559 3063 enim
574 2999 636 3061 fore
651 3011 757 3060 caetera
771 2997 863 3084 curae)
1027 3002 1092 3064 250

105 3098 184 3163 Rex
199 3101 338 3182 supersim
354 3100 501 3184 trepidare
516 3111 607 3175 vetat,
623 3098 816 3183 sobolemque
831 3098 920 3182 priori

104 3199 295 3263 Dissimilem
308 3200 420 3284 populo
434 3198 578 3282 promittit
592 3197 703 3280 origine
718 3197 802 3260 miral.

150 3295 283 3381 Jamque
299 3311 361 3359 erat
375 3298 405 3359 in
420 3310 496 3358 totas
510 3317 661 3379 sparsurus
676 3222 920 3373 fulminald'rrax

104 3396 172 3460 Sed
187 3394 297 3473 timuit,
311 3417 349 3458 ne
364 3395 439 3459 sorte
454 3417 538 3457 sacer
552 3408 596 3457 tot
610 3396 647 3458 ab
662 3395 777 3477 ignibus
792 3394 883 3456 ather

103 3494 297 3579 Conciperet
310 3494 455 3572 flammas,
470 3494 634 3579 longusque
650 3493 816 3555 ardesceret
831 3490 909 3586 axis.
1028 3489 1093 3553 255

102 3596 187 3663 Esse
205 3615 325 3680 quoque
339 3594 369 3657 in
384 3593 450 3657 satis
464 3591 668 3668 reminiscitur,
683 3591 773 3653 affore
792 3602 921 3672 tempus,
