2356 4110
480 124 589 176 Lmen
604 125 680 176 xm.

115 268 279 363 Exspectata
292 278 355 354 diu,
367 277 459 354 nulla,
474 291 525 339 aut
538 276 682 340 contraria
694 276 792 352 classi,

111 367 229 440 Flamina
242 390 329 438 sunt:
352 375 491 458 dureque
501 374 609 459 jubent
622 375 850 456 Agamemnona
863 386 957 436 sortes

107 468 274 537 lmmeritam
288 495 371 536 sevae
386 487 485 534 natam
500 487 629 534 mactare
644 471 761 534 Dianae.
1007 474 1068 537 185

105 569 231 654 Denegat
246 573 305 634 hoe
318 571 442 652 genitor,
457 571 590 653 divisque
605 570 737 632 irascitur
751 569 839 652 ipsis:

101 670 194 754 Atque
209 672 238 733 in
253 691 324 752 rege
339 683 439 731 tamen
455 682 540 752 pater
553 682 609 729 est.
654 667 723 748 Ego
736 667 808 729 mite
823 669 952 750 parentis

98 765 246 851 Ingenium
262 767 359 829 verbis
374 767 411 828 ad
426 766 546 848 publiea
558 765 716 827 commoda
731 765 815 826 verti.

97 863 124 928 N
126 889 180 929 une
195 865 335 950 equidem
350 864 453 940 fateor,
467 863 604 946 fassoque
618 863 752 944 ignoscat
765 863 904 941 Atrides3

97 964 253 1027 Difficilem
269 963 351 1024 tenui
364 962 419 1024 sub
433 963 534 1045 iniquo
543 961 645 1045 jndice
659 983 789 1023 causam.
1008 965 1070 1027 190

97 1059 182 1125 Hune
198 1075 299 1124 tamen
313 1060 422 1122 utilitas
437 1060 551 1142 populi,
567 1058 734 1142 fratrisque,
749 1059 869 1143 datique

97 1159 216 1221 Summa
229 1172 332 1220 movet
346 1158 466 1240 sceptri,
481 1157 600 1218 laudem
615 1170 649 1218 ut
662 1178 731 1218 cum
745 1158 887 1239 sanguine
902 1173 1018 1242 penset.

98 1255 197 1319 Mittor
211 1270 242 1318 et
256 1257 293 1318 ad
307 1269 452 1317 matrem:
476 1277 540 1337 quae
554 1276 613 1316 non
628 1254 782 1331 hortanda,
796 1256 850 1317 sed
864 1269 929 1319 astu

99 1352 281 1438 Decipienda
294 1353 360 1416 fuit.
404 1352 478 1425 Qud
493 1352 517 1413 si
532 1351 725 1414 Telamonius
739 1353 820 1429 isset,

101 1449 174 1515 Orba
189 1453 249 1514 suis
264 1465 363 1513 essent
377 1450 540 1512 etiamnum
554 1450 645 1511 lintea
660 1450 766 1512 ventis.
1009 1454 1069 1514 195

136 1549 241 1612 Mittor
255 1562 286 1611 et
299 1548 405 1610 Iliacas
419 1548 518 1609 audax
532 1561 630 1609 orator
644 1548 681 1609 ad
696 1567 795 1611 arces:

50 1712 52 1719 ,
104 1643 225 1730 Visaque
241 1660 273 1709 et
286 1646 391 1708 intrata
405 1658 450 1706 est
465 1645 530 1706 altae
545 1644 617 1706 mihi
631 1645 712 1706 curia
725 1645 836 1728 Trojae.

104 1740 248 1828 Plenaque
263 1743 362 1805 adhue
376 1755 439 1804 erat
453 1742 503 1803 illa
518 1742 597 1804 viris.
641 1741 792 1804 Interritus
807 1742 866 1823 egi,

104 1837 195 1912 Quam
210 1841 284 1902 mihi
299 1839 453 1902 mandarat
466 1840 633 1902 eommunis
648 1839 773 1916 Gracia,
787 1859 925 1902 causam:

50 1998 52 2003 ,
104 1936 274 2022 Accusoque
289 1937 391 2013 Parin,
406 1935 604 2020 predamque,
619 1937 828 2021 Helenamque
842 1959 983 2020 reposco:

50 2086 52 2097 .
104 2030 137 2095 Et
149 2057 258 2097 moveo
272 2034 436 2111 Priamum,
449 2034 630 2117 Priamoque
645 2036 798 2097 Antenora
808 2035 955 2119 junctum.
1007 2038 1067 2098 201

50 2116 52 2127 ¹
103 2131 138 2194 lt
152 2133 249 2209 Paris,
264 2147 295 2194 et
310 2132 423 2208 fratres,
437 2146 469 2193 et
483 2133 532 2215 qni
546 2135 671 2215 rapuere
685 2133 740 2194 sub
753 2134 814 2209 illo,

104 2225 156 2291 Vix
170 2230 296 2293 tenuere
310 2251 416 2292 manus
433 2229 504 2315 (sois
520 2231 588 2307 hoe,
604 2229 761 2316 Menelai)
778 2230 935 2293 nefandas:

102 2323 254 2411 Primaque
269 2328 322 2389 lux
336 2328 427 2390 nostri
440 2341 540 2389 tecum
554 2327 609 2390 fuit
622 2328 672 2390 illa
687 2328 799 2410 pericli.

136 2424 243 2506 Longa
257 2423 365 2486 referre
380 2445 463 2486 mora
476 2439 532 2501 est,
548 2447 613 2508 qua
626 2426 808 2509 consilioque
822 2446 972 2507 manuque
1007 2427 1072 2487 205

102 2517 214 2585 Utiliter
227 2521 287 2583 feei
301 2520 420 2603 spatiosi
434 2535 568 2604 tempore
584 2523 663 2584 belli.

102 2616 167 2682 Post
182 2620 263 2682 acies
278 2620 397 2702 primas,
411 2619 491 2680 urbis
504 2641 537 2681 se
551 2621 698 2682 moenrlrus
717 2618 816 2679 hostes

102 2715 280 2781 continuere
296 2717 365 2793 diu;
387 2739 444 2779 nec
459 2718 553 2800 aperti
567 2717 654 2799 copia
667 2714 773 2777 Martis

102 2810 166 2875 Ulla
180 2814 252 2877 suit:
277 2813 394 2876 decimo
408 2815 529 2876 demum
544 2813 738 2897 pugnavimus
753 2834 841 2875 anno.

104 2908 180 2982 Quid
195 2911 268 2973 sacis
283 2911 406 2988 interea,
422 2912 472 2995 qui
486 2912 527 2972 nil
542 2911 597 2973 nisi
612 2911 716 2992 proelia
729 2911 827 2973 nosti?
1008 2913 1072 2973 21⁰

104 3005 173 3079 Quis
188 3023 257 3070 tuus
272 3030 344 3070 usus
358 3012 441 3071 erat?
486 3007 565 3070 Nam
581 3009 605 3069 si
620 3030 688 3069 mea
702 3008 778 3072 saeta
792 3009 923 3091 requiris,

104 3100 239 3168 Hostibus
254 3105 391 3168 insidior:
414 3105 505 3167 fossas
520 3104 680 3166 munimine
694 3107 798 3188 cingo:

103 3198 244 3267 Consolor
256 3204 364 3280 socios,
378 3217 413 3266 ut
426 3203 507 3284 longi
520 3202 606 3264 tedia
620 3201 690 3266 belli

359 3305 373 3363 l
382 3305 396 3363 l
