2370 4110
487 335 661 389 EPIsTOLA
687 339 708 388 1.

104 483 171 549 Nos
187 484 299 570 Pylon,
308 485 425 570 antiqui
440 485 549 549 Neleia
562 486 698 550 Nestoris
713 509 793 565 arva,

148 583 305 646 Misimus:
329 584 440 646 incerta
453 599 499 647 est
514 583 592 647 sama
605 586 727 648 remissa
742 585 832 669 Pylo.

104 679 245 744 Misimus
260 699 291 745 et
302 681 450 766 Sparten:
474 682 580 766 Sparte
597 704 716 767 quoque
731 684 831 746 nescia
846 683 918 747 veti.

148 777 235 852 Quas
251 781 364 843 habitas
378 794 480 856 tetras,
496 793 547 842 aut
562 781 612 842 ubi
624 781 723 843 lentus
738 781 829 843 abes?
1042 783 1086 848 60

105 874 217 938 Utilius
231 890 342 940 starent
356 878 447 940 etiam
461 899 540 939 nuuc
555 878 667 941 moenia
683 875 804 941 Phoebi.

150 972 279 1059 (Irascor
292 974 368 1037 votis
382 975 443 1036 beu
457 974 531 1036 levis
541 975 610 1059 ipsa
623 974 697 1037 meis
710 973 733 1059 !)

101 1069 221 1132 Scirem
235 1071 286 1133 ubi
300 1091 465 1154 pugnares3
487 1084 519 1134 et
533 1073 647 1134 tannim
661 1071 741 1134 bella
754 1071 911 1151 tinerem3

147 1166 190 1229 Et
204 1189 272 1230 mea
285 1188 355 1230 cum
370 1169 469 1231 multis
480 1168 585 1253 juncta
600 1169 720 1252 querela
734 1169 819 1232 soret.

105 1262 190 1337 Quid
205 1264 324 1327 timeam
334 1265 458 1348 ignoro:
482 1266 573 1328 timeo
586 1279 686 1329 tamen
700 1266 799 1329 omnia
812 1267 952 1333 demens:
1040 1273 1083 1334 65

146 1360 188 1424 Et
205 1376 285 1444 patet
299 1363 328 1424 in
344 1385 427 1426 curas
442 1384 511 1426 area
525 1364 584 1426 lata
598 1383 690 1426 aneas.

104 1457 302 1543 Quaecunque
318 1482 417 1545 aequor
431 1461 531 1538 habet,
544 1482 730 1544 quecunque
745 1463 877 1544 pericula
891 1464 989 1542 tellus,

145 1554 226 1617 Tam
240 1556 334 1640 longe
349 1578 452 1621 causas
466 1559 600 1641 suspicor
614 1578 679 1620 esse
693 1579 792 1621 more.

102 1651 178 1716 Hac
193 1675 250 1736 ego
265 1656 336 1717 dum
350 1656 439 1718 stult'e
453 1655 581 1719 meditor
597 1653 676 1741 (que
691 1667 789 1718 vestra
802 1656 892 1719 libido
906 1656 966 1742 est)

145 1750 222 1813 Esse
238 1753 394 1836 peregrino
407 1767 511 1836 captus
526 1773 626 1816 amore
641 1766 739 1836 putes.
1038 1758 1080 1817 70

101 1847 239 1911 Forsitan
254 1864 284 1912 et
298 1871 407 1927 narres,
423 1851 512 1934 quirin
526 1850 563 1913 sit
577 1850 629 1912 tibi
644 1849 750 1912 rustica
763 1850 894 1936 conjux3

147 1944 226 2019 Quae
241 1947 355 2010 tannim
365 1949 446 2011 lanas
460 1970 520 2010 non
533 1948 608 2011 sinat
624 1968 688 2010 esse
702 1947 801 2010 mdes.

98 2041 219 2121 Pallam
243 2045 345 2107 etznoc
351 2045 470 2108 fflmen
486 2059 590 2108 tenues
605 2060 743 2108 vanescat
757 2045 787 2108 in
802 2067 905 2109 auras:

144 2141 244 2219 Neve,
258 2144 425 2205 revertendi
440 2144 523 2220 liber,
539 2143 642 2205 abesse
658 2142 740 2205 velis.

101 2237 156 2300 Me
173 2254 258 2322 pater
271 2239 381 2302 Icarius
397 2240 486 2303 viduo
500 2241 651 2303 discedere
666 2241 745 2303 lecto
1035 2242 1078 2305 75

145 2335 246 2418 Cogit,
261 2351 292 2399 ct
306 2336 463 2399 immensas
479 2337 719 2420 increpatusque
733 2359 840 2400 moras.

100 2433 240 2518 Increpet
254 2456 348 2518 usque
363 2435 448 2498 licet:
472 2448 523 2497 tua
535 2456 613 2511 sum,
629 2447 679 2496 tua
694 2434 774 2496 dicar
788 2449 906 2518 oportet

140 2531 316 2616 Penelope:
339 2532 450 2617 conjux
464 2552 583 2616 semper
595 2530 713 2615 Ulyssis
727 2553 789 2594 ero.

99 2628 155 2690 Ille
172 2643 272 2691 tamen
289 2630 399 2713 pietate
414 2629 483 2691 meai
498 2629 692 2713 precibusque
708 2629 821 2712 pudicis

143 2725 310 2809 Frangitur,
327 2741 357 2789 et
372 2728 448 2790 vires
462 2739 608 2810 temperat
620 2727 685 2808 ipse
698 2747 776 2788 suas.
1033 2728 1077 2792 80

100 2824 243 2902 Dulichii,
256 2825 418 2908 Samiique,
433 2839 474 2900 et,
490 2845 563 2907 quos
578 2823 643 2884 tulit
658 2823 716 2884 alta
731 2821 916 2905 Zacynthos,

142 2921 246 2984 Turba
260 2936 347 2984 ruunt
362 2922 392 2984 in
407 2943 455 2982 me
470 2919 630 2995 luxuriosa,
646 2919 744 3001 proci:

102 3016 194 3101 lnque
209 3019 260 3081 tub
275 3031 408 3100 regnant,
419 3018 507 3080 nullis
522 3016 754 3101 pmhibentibus‚
768 3015 846 3079 auiti.

144 3114 268 3177 Viscera
283 3130 391 3191 nostra,
406 3128 462 3178 tuae
479 3115 655 3179 dilaniantur
668 3135 752 3197 opes.
836 3122 839 3127 ’

99 3211 184 3285 Quid
200 3213 251 3274 tibi
266 3211 454 3289 Pisandrum,
469 3211 691 3295 Polybumque,
706 3210 911 3296 Medontaque
926 3211 1032 3289 dirum,

143 3309 386 3394 Eurymachique
401 3309 511 3386 avidas,
527 3309 710 3393 Antinoique
725 3331 840 3386 manus,
1032 3309 1074 3372 86

97 3408 202 3491 Atque
219 3407 290 3471 alios
305 3406 440 3484 referam,
457 3428 529 3490 quos
543 3427 647 3468 omnes
661 3407 786 3489 turpiter
799 3406 904 3468 absens

141 3505 211 3589 Ipse
225 3520 278 3569 tuo
292 3505 381 3589 partis
396 3504 536 3586 sanguiue
551 3504 638 3567 rebus
652 3504 728 3566 alis?
