<?xml version="1.0" encoding="UTF-8"?>
<!DOCTYPE html PUBLIC "-//W3C//DTD XHTML 1.0 Transitional//EN"
    "http://www.w3.org/TR/xhtml1/DTD/xhtml1-transitional.dtd">
<html xmlns="http://www.w3.org/1999/xhtml" xml:lang="en" lang="en">
 <head>
  <title>
</title>
<meta http-equiv="Content-Type" content="text/html;charset=utf-8" />
  <meta name='ocr-system' content='tesseract 3.04.00' />
  <meta name='ocr-capabilities' content='ocr_page ocr_carea ocr_par ocr_line ocrx_word'/>
</head>
<body>
  <div class='ocr_page' id='page_1' title='image "./excerptaexscrip00ovidgoog_0045.png"; bbox 0 0 2356 4110; ppageno 0'>
   <div class='ocr_carea' id='block_1_1' title="bbox 100 317 758 380">
    <p class='ocr_par' dir='ltr' id='par_1_1' title="bbox 100 317 758 380">
     <span class='ocr_line' id='line_1_1' title="bbox 100 317 758 380; baseline -0.021 0"><span class='ocrx_word' id='word_1_1' title='bbox 100 321 142 380; x_wconf 74' lang='lat'>28</span> <span class='ocrx_word' id='word_1_2' title='bbox 414 317 758 372; x_wconf 83' lang='lat' dir='ltr'><strong>METAMORPHOSEON</strong></span> 
     </span>
    </p>
   </div>
   <div class='ocr_carea' id='block_1_2' title="bbox 56 469 1078 1724">
    <p class='ocr_par' dir='ltr' id='par_1_2' title="bbox 56 469 883 562">
     <span class='ocr_line' id='line_1_2' title="bbox 56 469 883 562; baseline -0.013 -23"><span class='ocrx_word' id='word_1_3' title='bbox 56 549 62 562; x_wconf 29' lang='grc' dir='ltr'><strong><em>Ι</em></strong></span> <span class='ocrx_word' id='word_1_4' title='bbox 99 476 183 550; x_wconf 83' lang='lat' dir='ltr'><strong>Quid</strong></span> <span class='ocrx_word' id='word_1_5' title='bbox 199 475 306 538; x_wconf 86' lang='lat' dir='ltr'>faciat?</span> <span class='ocrx_word' id='word_1_6' title='bbox 328 473 453 536; x_wconf 89' lang='lat' dir='ltr'>multum</span> <span class='ocrx_word' id='word_1_7' title='bbox 468 473 537 535; x_wconf 88' lang='lat' dir='ltr'>coeli</span> <span class='ocrx_word' id='word_1_8' title='bbox 552 484 618 554; x_wconf 90' lang='lat' dir='ltr'>post</span> <span class='ocrx_word' id='word_1_9' title='bbox 633 484 715 552; x_wconf 84' lang='lat' dir='ltr'>terga</span> <span class='ocrx_word' id='word_1_10' title='bbox 729 469 883 530; x_wconf 85' lang='lat' dir='ltr'>relictum:</span> 
     </span>
    </p>

    <p class='ocr_par' dir='ltr' id='par_1_3' title="bbox 98 568 922 655">
     <span class='ocr_line' id='line_1_3' title="bbox 98 568 922 655; baseline -0.013 -20"><span class='ocrx_word' id='word_1_11' title='bbox 98 573 181 635; x_wconf 88' lang='lat' dir='ltr'>Ante</span> <span class='ocrx_word' id='word_1_12' title='bbox 197 573 296 635; x_wconf 90' lang='lat' dir='ltr'>oculos</span> <span class='ocrx_word' id='word_1_13' title='bbox 312 573 378 655; x_wconf 92' lang='lat' dir='ltr'>plus</span> <span class='ocrx_word' id='word_1_14' title='bbox 394 585 448 632; x_wconf 88' lang='lat' dir='ltr'>est.</span> <span class='ocrx_word' id='word_1_15' title='bbox 493 570 605 631; x_wconf 87' lang='lat' dir='ltr'>Animo</span> <span class='ocrx_word' id='word_1_16' title='bbox 619 568 739 629; x_wconf 90' lang='lat' dir='ltr'>metitur</span> <span class='ocrx_word' id='word_1_17' title='bbox 753 580 922 648; x_wconf 88' lang='lat' dir='ltr'>utrumque.</span> 
     </span>
    </p>

    <p class='ocr_par' dir='ltr' id='par_1_4' title="bbox 99 667 803 754">
     <span class='ocr_line' id='line_1_4' title="bbox 99 667 803 754; baseline -0.013 -21"><span class='ocrx_word' id='word_1_18' title='bbox 99 669 141 733; x_wconf 87' lang='lat' dir='ltr'>Et</span> <span class='ocrx_word' id='word_1_19' title='bbox 155 670 255 747; x_wconf 75' lang='lat' dir='ltr'>modo,</span> <span class='ocrx_word' id='word_1_20' title='bbox 272 691 345 754; x_wconf 82' lang='lat' dir='ltr'>quos</span> <span class='ocrx_word' id='word_1_21' title='bbox 360 669 400 731; x_wconf 88' lang='lat' dir='ltr'>illi</span> <span class='ocrx_word' id='word_1_22' title='bbox 416 667 475 730; x_wconf 87' lang='lat' dir='ltr'>sato</span> <span class='ocrx_word' id='word_1_23' title='bbox 489 667 659 748; x_wconf 83' lang='lat' dir='ltr'>contingere</span> <span class='ocrx_word' id='word_1_24' title='bbox 675 687 734 726; x_wconf 95' lang='lat' dir='ltr'>non</span> <span class='ocrx_word' id='word_1_25' title='bbox 749 676 803 740; x_wconf 87' lang='lat' dir='ltr'>est,</span> 
     </span>
    </p>

    <p class='ocr_par' dir='ltr' id='par_1_5' title="bbox 99 763 806 851">
     <span class='ocr_line' id='line_1_5' title="bbox 99 763 806 851; baseline -0.011 -21"><span class='ocrx_word' id='word_1_26' title='bbox 99 768 246 851; x_wconf 90' lang='lat' dir='ltr'>Prospicit</span> <span class='ocrx_word' id='word_1_27' title='bbox 261 789 401 830; x_wconf 83' lang='lat' dir='ltr'><strong>occasus:</strong></span> <span class='ocrx_word' id='word_1_28' title='bbox 425 766 571 828; x_wconf 90' lang='lat' dir='ltr'>interdum</span> <span class='ocrx_word' id='word_1_29' title='bbox 585 763 702 847; x_wconf 85' lang='lat' dir='ltr'><strong>respicit</strong></span> <span class='ocrx_word' id='word_1_30' title='bbox 716 775 806 824; x_wconf 80' lang='lat' dir='ltr'>ortus</span> 
     </span>
    </p>

    <p class='ocr_par' dir='ltr' id='par_1_6' title="bbox 98 859 1077 1039">
     <span class='ocr_line' id='line_1_6' title="bbox 99 859 1077 949; baseline -0.007 -21"><span class='ocrx_word' id='word_1_31' title='bbox 99 865 241 949; x_wconf 84' lang='lat' dir='ltr'>Quidque</span> <span class='ocrx_word' id='word_1_32' title='bbox 257 879 323 948; x_wconf 86' lang='lat' dir='ltr'>agat</span> <span class='ocrx_word' id='word_1_33' title='bbox 338 865 464 946; x_wconf 74' lang='lat' dir='ltr'>ignams²</span> <span class='ocrx_word' id='word_1_34' title='bbox 479 876 595 945; x_wconf 91' lang='lat' dir='ltr'>stupet:</span> <span class='ocrx_word' id='word_1_35' title='bbox 619 874 649 922; x_wconf 88' lang='lat' dir='ltr'>et</span> <span class='ocrx_word' id='word_1_36' title='bbox 664 882 720 921; x_wconf 90' lang='lat' dir='ltr'>nec</span> <span class='ocrx_word' id='word_1_37' title='bbox 735 859 822 921; x_wconf 77' lang='lat' dir='ltr'>fraena</span> <span class='ocrx_word' id='word_1_38' title='bbox 837 859 967 934; x_wconf 87' lang='lat' dir='ltr'>remittit,</span> <span class='ocrx_word' id='word_1_39' title='bbox 1014 860 1077 921; x_wconf 85' lang='lat'>190</span> 
     </span>
     <span class='ocr_line' id='line_1_7' title="bbox 98 957 896 1039; baseline -0.013 -13"><span class='ocrx_word' id='word_1_40' title='bbox 98 962 165 1026; x_wconf 89' lang='lat' dir='ltr'>Nec</span> <span class='ocrx_word' id='word_1_41' title='bbox 181 965 307 1026; x_wconf 89' lang='lat' dir='ltr'>retinere</span> <span class='ocrx_word' id='word_1_42' title='bbox 323 963 417 1024; x_wconf 90' lang='lat' dir='ltr'>valet:</span> <span class='ocrx_word' id='word_1_43' title='bbox 441 983 498 1022; x_wconf 89' lang='lat' dir='ltr'>nec</span> <span class='ocrx_word' id='word_1_44' title='bbox 513 959 632 1021; x_wconf 88' lang='lat' dir='ltr'>nomina</span> <span class='ocrx_word' id='word_1_45' title='bbox 647 957 729 1018; x_wconf 90' lang='lat' dir='ltr'>novit</span> <span class='ocrx_word' id='word_1_46' title='bbox 744 978 896 1039; x_wconf 90' lang='lat' dir='ltr'>equorum.</span> 
     </span>
    </p>

    <p class='ocr_par' dir='ltr' id='par_1_7' title="bbox 98 1055 881 1240">
     <span class='ocr_line' id='line_1_8' title="bbox 98 1055 859 1144; baseline -0.011 -21"><span class='ocrx_word' id='word_1_47' title='bbox 98 1061 206 1144; x_wconf 86' lang='lat' dir='ltr'>Sparsa</span> <span class='ocrx_word' id='word_1_48' title='bbox 222 1082 339 1144; x_wconf 88' lang='lat' dir='ltr'>quoque</span> <span class='ocrx_word' id='word_1_49' title='bbox 355 1061 384 1120; x_wconf 93' lang='lat' dir='ltr'>in</span> <span class='ocrx_word' id='word_1_50' title='bbox 400 1059 480 1120; x_wconf 90' lang='lat' dir='ltr'>vario</span> <span class='ocrx_word' id='word_1_51' title='bbox 496 1057 604 1140; x_wconf 89' lang='lat' dir='ltr'>passim</span> <span class='ocrx_word' id='word_1_52' title='bbox 618 1055 758 1116; x_wconf 86' lang='lat' dir='ltr'>miracula</span> <span class='ocrx_word' id='word_1_53' title='bbox 771 1055 859 1130; x_wconf 88' lang='lat' dir='ltr'>coelo,</span> 
     </span>
     <span class='ocr_line' id='line_1_9' title="bbox 99 1152 881 1240; baseline -0.009 -19"><span class='ocrx_word' id='word_1_54' title='bbox 99 1158 319 1240; x_wconf 86' lang='lat' dir='ltr'>Vastarumque</span> <span class='ocrx_word' id='word_1_55' title='bbox 335 1157 415 1218; x_wconf 89' lang='lat' dir='ltr'>videt</span> <span class='ocrx_word' id='word_1_56' title='bbox 430 1154 559 1237; x_wconf 86' lang='lat' dir='ltr'>trepidus</span> <span class='ocrx_word' id='word_1_57' title='bbox 575 1153 729 1214; x_wconf 88' lang='lat' dir='ltr'>simulacra</span> <span class='ocrx_word' id='word_1_58' title='bbox 744 1152 881 1214; x_wconf 84' lang='lat' dir='ltr'>serarum.</span> 
     </span>
    </p>

    <p class='ocr_par' dir='ltr' id='par_1_8' title="bbox 97 1250 1078 1533">
     <span class='ocr_line' id='line_1_10' title="bbox 140 1250 947 1334; baseline -0.005 -17"><span class='ocrx_word' id='word_1_59' title='bbox 140 1256 196 1317; x_wconf 89' lang='lat' dir='ltr'>Est</span> <span class='ocrx_word' id='word_1_60' title='bbox 210 1257 301 1331; x_wconf 90' lang='lat' dir='ltr'>locus,</span> <span class='ocrx_word' id='word_1_61' title='bbox 316 1255 345 1315; x_wconf 89' lang='lat' dir='ltr'>in</span> <span class='ocrx_word' id='word_1_62' title='bbox 361 1253 493 1334; x_wconf 83' lang='lat' dir='ltr'>geminos</span> <span class='ocrx_word' id='word_1_63' title='bbox 508 1251 557 1313; x_wconf 95' lang='lat' dir='ltr'>ubi</span> <span class='ocrx_word' id='word_1_64' title='bbox 572 1250 692 1311; x_wconf 88' lang='lat' dir='ltr'>brachia</span> <span class='ocrx_word' id='word_1_65' title='bbox 706 1264 849 1312; x_wconf 84' lang='lat' dir='ltr'>concavat</span> <span class='ocrx_word' id='word_1_66' title='bbox 863 1272 947 1313; x_wconf 86' lang='lat' dir='ltr'>arcus</span> 
     </span>
     <span class='ocr_line' id='line_1_11' title="bbox 100 1348 1078 1437; baseline -0.004 -21"><span class='ocrx_word' id='word_1_67' title='bbox 100 1354 256 1437; x_wconf 85' lang='lat' dir='ltr'>Scorpios;</span> <span class='ocrx_word' id='word_1_68' title='bbox 279 1366 309 1413; x_wconf 89' lang='lat' dir='ltr'>et</span> <span class='ocrx_word' id='word_1_69' title='bbox 324 1350 421 1413; x_wconf 72' lang='lat' dir='ltr'>caudit</span> <span class='ocrx_word' id='word_1_70' title='bbox 436 1350 580 1432; x_wconf 86' lang='lat' dir='ltr'>flexisque</span> <span class='ocrx_word' id='word_1_71' title='bbox 596 1349 731 1431; x_wconf 88' lang='lat' dir='ltr'>utrinque</span> <span class='ocrx_word' id='word_1_72' title='bbox 746 1348 861 1411; x_wconf 86' lang='lat' dir='ltr'>lacertis</span> <span class='ocrx_word' id='word_1_73' title='bbox 1014 1353 1078 1412; x_wconf 88' lang='grc'>195</span> 
     </span>
     <span class='ocr_line' id='line_1_12' title="bbox 97 1447 869 1533; baseline -0.008 -20"><span class='ocrx_word' id='word_1_74' title='bbox 97 1450 223 1531; x_wconf 88' lang='lat' dir='ltr'>Porrigit</span> <span class='ocrx_word' id='word_1_75' title='bbox 239 1451 268 1512; x_wconf 93' lang='lat' dir='ltr'>in</span> <span class='ocrx_word' id='word_1_76' title='bbox 283 1449 409 1533; x_wconf 90' lang='lat' dir='ltr'>spatium</span> <span class='ocrx_word' id='word_1_77' title='bbox 425 1449 572 1530; x_wconf 84' lang='lat' dir='ltr'>signorum</span> <span class='ocrx_word' id='word_1_78' title='bbox 587 1447 719 1517; x_wconf 82' lang='lat' dir='ltr'>membra</span> <span class='ocrx_word' id='word_1_79' title='bbox 734 1447 869 1508; x_wconf 88' lang='lat' dir='ltr'>duorum.</span> 
     </span>
    </p>

    <p class='ocr_par' dir='ltr' id='par_1_9' title="bbox 98 1545 818 1724">
     <span class='ocr_line' id='line_1_13' title="bbox 98 1545 818 1630; baseline -0.006 -21"><span class='ocrx_word' id='word_1_80' title='bbox 98 1546 189 1610; x_wconf 91' lang='lat' dir='ltr'>Hunc</span> <span class='ocrx_word' id='word_1_81' title='bbox 205 1569 278 1630; x_wconf 89' lang='lat' dir='ltr'>puer</span> <span class='ocrx_word' id='word_1_82' title='bbox 290 1561 324 1608; x_wconf 94' lang='lat' dir='ltr'>ut</span> <span class='ocrx_word' id='word_1_83' title='bbox 338 1547 412 1629; x_wconf 85' lang='lat' dir='ltr'>nigri</span> <span class='ocrx_word' id='word_1_84' title='bbox 427 1545 578 1607; x_wconf 90' lang='lat' dir='ltr'>madidum</span> <span class='ocrx_word' id='word_1_85' title='bbox 593 1545 698 1606; x_wconf 86' lang='lat' dir='ltr'>sudore</span> <span class='ocrx_word' id='word_1_86' title='bbox 710 1545 818 1606; x_wconf 88' lang='lat' dir='ltr'>veneni</span> 
     </span>
     <span class='ocr_line' id='line_1_14' title="bbox 99 1643 807 1724; baseline -0.006 -17"><span class='ocrx_word' id='word_1_87' title='bbox 99 1645 233 1708; x_wconf 80' lang='lat' dir='ltr'>Vulnera</span> <span class='ocrx_word' id='word_1_88' title='bbox 246 1643 369 1707; x_wconf 70' lang='lat' dir='ltr'>curvata</span> <span class='ocrx_word' id='word_1_89' title='bbox 382 1643 564 1706; x_wconf 87' lang='lat' dir='ltr'>minitantem</span> <span class='ocrx_word' id='word_1_90' title='bbox 579 1643 701 1724; x_wconf 89' lang='lat' dir='ltr'>cuspide</span> <span class='ocrx_word' id='word_1_91' title='bbox 718 1643 807 1718; x_wconf 83' lang='lat' dir='ltr'>vidit3</span> 
     </span>
    </p>
   </div>
   <div class='ocr_carea' id='block_1_3' title="bbox 96 1739 1079 2022">
    <p class='ocr_par' dir='ltr' id='par_1_10' title="bbox 96 1739 1079 2022">
     <span class='ocr_line' id='line_1_15' title="bbox 97 1739 811 1825; baseline -0.004 -21"><span class='ocrx_word' id='word_1_92' title='bbox 97 1740 209 1804; x_wconf 91' lang='lat' dir='ltr'>Mentis</span> <span class='ocrx_word' id='word_1_93' title='bbox 225 1743 320 1825; x_wconf 85' lang='lat' dir='ltr'>inops,</span> <span class='ocrx_word' id='word_1_94' title='bbox 335 1740 434 1822; x_wconf 70' lang='lat' dir='ltr'>gelida</span> <span class='ocrx_word' id='word_1_95' title='bbox 448 1740 601 1802; x_wconf 84' lang='lat' dir='ltr'>formidine</span> <span class='ocrx_word' id='word_1_96' title='bbox 616 1740 677 1801; x_wconf 83' lang='lat' dir='ltr'>lora</span> <span class='ocrx_word' id='word_1_97' title='bbox 691 1739 811 1802; x_wconf 88' lang='lat' dir='ltr'>remisit.</span> 
     </span>
     <span class='ocr_line' id='line_1_16' title="bbox 96 1837 1079 1924; baseline -0.002 -21"><span class='ocrx_word' id='word_1_98' title='bbox 96 1839 176 1914; x_wconf 80' lang='lat' dir='ltr'>Quae</span> <span class='ocrx_word' id='word_1_99' title='bbox 192 1854 348 1924; x_wconf 87' lang='lat' dir='ltr'>postquam</span> <span class='ocrx_word' id='word_1_100' title='bbox 363 1860 509 1902; x_wconf 91' lang='lat' dir='ltr'>summum</span> <span class='ocrx_word' id='word_1_101' title='bbox 525 1838 648 1920; x_wconf 69' lang='lat' dir='ltr'>tetigere</span> <span class='ocrx_word' id='word_1_102' title='bbox 660 1837 791 1922; x_wconf 88' lang='lat' dir='ltr'>jacentia</span> <span class='ocrx_word' id='word_1_103' title='bbox 805 1850 932 1918; x_wconf 84' lang='lat' dir='ltr'>tergum,</span> <span class='ocrx_word' id='word_1_104' title='bbox 1010 1841 1079 1901; x_wconf 69' lang='lat'>200</span> 
     </span>
     <span class='ocr_line' id='line_1_17' title="bbox 98 1935 909 2022; baseline -0.006 -21"><span class='ocrx_word' id='word_1_105' title='bbox 98 1938 311 2022; x_wconf 86' lang='lat' dir='ltr'>Exspatiantur</span> <span class='ocrx_word' id='word_1_106' title='bbox 321 1939 412 2022; x_wconf 73' lang='lat' dir='ltr'>equi:</span> <span class='ocrx_word' id='word_1_107' title='bbox 435 1935 576 2020; x_wconf 85' lang='lat' dir='ltr'>nulloque</span> <span class='ocrx_word' id='word_1_108' title='bbox 591 1937 741 1998; x_wconf 87' lang='lat' dir='ltr'>inhibente</span> <span class='ocrx_word' id='word_1_109' title='bbox 750 1957 811 2018; x_wconf 80' lang='lat' dir='ltr'>per</span> <span class='ocrx_word' id='word_1_110' title='bbox 825 1957 909 2003; x_wconf 87' lang='lat' dir='ltr'>auras</span> 
     </span>
    </p>
   </div>
   <div class='ocr_carea' id='block_1_4' title="bbox 52 2033 1078 2411">
    <p class='ocr_par' dir='ltr' id='par_1_11' title="bbox 96 2033 816 2117">
     <span class='ocr_line' id='line_1_18' title="bbox 96 2033 816 2117; baseline -0.007 -19"><span class='ocrx_word' id='word_1_111' title='bbox 96 2034 208 2117; x_wconf 80' lang='lat' dir='ltr'>Ignotae</span> <span class='ocrx_word' id='word_1_112' title='bbox 222 2037 347 2117; x_wconf 86' lang='lat' dir='ltr'>regionis</span> <span class='ocrx_word' id='word_1_113' title='bbox 362 2049 453 2111; x_wconf 89' lang='lat' dir='ltr'>eunt;</span> <span class='ocrx_word' id='word_1_114' title='bbox 476 2033 592 2117; x_wconf 71' lang='lat' dir='ltr'>quaque</span> <span class='ocrx_word' id='word_1_115' title='bbox 607 2034 735 2115; x_wconf 89' lang='lat' dir='ltr'>impetus</span> <span class='ocrx_word' id='word_1_116' title='bbox 747 2033 816 2113; x_wconf 85' lang='lat' dir='ltr'>egit,</span> 
     </span>
    </p>

    <p class='ocr_par' dir='ltr' id='par_1_12' title="bbox 100 2129 861 2214">
     <span class='ocr_line' id='line_1_19' title="bbox 100 2129 861 2214; baseline -0.004 -20"><span class='ocrx_word' id='word_1_117' title='bbox 100 2129 167 2194; x_wconf 76' lang='lat' dir='ltr'>Hac</span> <span class='ocrx_word' id='word_1_118' title='bbox 181 2133 243 2194; x_wconf 88' lang='lat' dir='ltr'>sine</span> <span class='ocrx_word' id='word_1_119' title='bbox 257 2134 324 2214; x_wconf 84' lang='lat' dir='ltr'>lege</span> <span class='ocrx_word' id='word_1_120' title='bbox 339 2146 446 2193; x_wconf 87' lang='lat' dir='ltr'>ruunt:</span> <span class='ocrx_word' id='word_1_121' title='bbox 470 2132 588 2214; x_wconf 85' lang='lat' dir='ltr'>altoque</span> <span class='ocrx_word' id='word_1_122' title='bbox 603 2131 657 2191; x_wconf 91' lang='lat' dir='ltr'>sub</span> <span class='ocrx_word' id='word_1_123' title='bbox 672 2130 779 2190; x_wconf 86' lang='lat' dir='ltr'>aethere</span> <span class='ocrx_word' id='word_1_124' title='bbox 794 2129 861 2191; x_wconf 85' lang='lat' dir='ltr'>fixis</span> 
     </span>
    </p>

    <p class='ocr_par' dir='ltr' id='par_1_13' title="bbox 52 2226 844 2317">
     <span class='ocr_line' id='line_1_20' title="bbox 52 2226 844 2317; baseline -0.001 -28"><span class='ocrx_word' id='word_1_125' title='bbox 52 2310 59 2317; x_wconf 88' lang='lat'>..</span> <span class='ocrx_word' id='word_1_126' title='bbox 96 2226 249 2291; x_wconf 87' lang='lat' dir='ltr'>Incursant</span> <span class='ocrx_word' id='word_1_127' title='bbox 266 2230 366 2305; x_wconf 89' lang='lat' dir='ltr'>stellis,</span> <span class='ocrx_word' id='word_1_128' title='bbox 381 2229 555 2312; x_wconf 88' lang='lat' dir='ltr'>rapiuntque</span> <span class='ocrx_word' id='word_1_129' title='bbox 571 2249 625 2311; x_wconf 89' lang='lat' dir='ltr'>per</span> <span class='ocrx_word' id='word_1_130' title='bbox 638 2227 704 2289; x_wconf 86' lang='lat' dir='ltr'>avia</span> <span class='ocrx_word' id='word_1_131' title='bbox 716 2249 844 2289; x_wconf 85' lang='lat' dir='ltr'>cunum.</span> 
     </span>
    </p>

    <p class='ocr_par' dir='ltr' id='par_1_14' title="bbox 98 2325 1078 2411">
     <span class='ocr_line' id='line_1_21' title="bbox 98 2325 1078 2411; baseline 0.002 -23"><span class='ocrx_word' id='word_1_132' title='bbox 98 2325 140 2388; x_wconf 88' lang='lat' dir='ltr'>Et</span> <span class='ocrx_word' id='word_1_133' title='bbox 154 2327 244 2389; x_wconf 85' lang='lat' dir='ltr'>modb</span> <span class='ocrx_word' id='word_1_134' title='bbox 259 2349 375 2390; x_wconf 89' lang='lat' dir='ltr'>summa</span> <span class='ocrx_word' id='word_1_135' title='bbox 388 2341 504 2411; x_wconf 89' lang='lat' dir='ltr'>petunt,</span> <span class='ocrx_word' id='word_1_136' title='bbox 519 2326 609 2388; x_wconf 81' lang='lat' dir='ltr'>modo</span> <span class='ocrx_word' id='word_1_137' title='bbox 626 2348 679 2409; x_wconf 87' lang='lat' dir='ltr'>per</span> <span class='ocrx_word' id='word_1_138' title='bbox 693 2325 820 2404; x_wconf 91' lang='lat' dir='ltr'>decliva,</span> <span class='ocrx_word' id='word_1_139' title='bbox 836 2326 958 2410; x_wconf 88' lang='lat' dir='ltr'>viasque</span> <span class='ocrx_word' id='word_1_140' title='bbox 1010 2329 1078 2390; x_wconf 66' lang='lat'>205</span> 
     </span>
    </p>
   </div>
   <div class='ocr_carea' id='block_1_5' title="bbox 1 2423 785 2508">
    <p class='ocr_par' dir='ltr' id='par_1_15' title="bbox 1 2423 785 2508">
     <span class='ocr_line' id='line_1_22' title="bbox 1 2423 785 2508; baseline -0.001 -22"><span class='ocrx_word' id='word_1_141' title='bbox 1 2471 2 2476; x_wconf 19' lang='grc' dir='ltr'>η</span> <span class='ocrx_word' id='word_1_142' title='bbox 98 2423 269 2508; x_wconf 82' lang='lat' dir='ltr'>Praecipites</span> <span class='ocrx_word' id='word_1_143' title='bbox 284 2426 380 2507; x_wconf 91' lang='lat' dir='ltr'>spatio</span> <span class='ocrx_word' id='word_1_144' title='bbox 393 2439 476 2488; x_wconf 81' lang='lat' dir='ltr'>tene</span> <span class='ocrx_word' id='word_1_145' title='bbox 491 2424 627 2507; x_wconf 85' lang='lat' dir='ltr'>propiore</span> <span class='ocrx_word' id='word_1_146' title='bbox 643 2423 785 2486; x_wconf 87' lang='lat' dir='ltr'>feruntur.</span> 
     </span>
    </p>
   </div>
   <div class='ocr_carea' id='block_1_6' title="bbox 97 2521 1077 3489">
    <p class='ocr_par' dir='ltr' id='par_1_16' title="bbox 97 2521 745 2607">
     <span class='ocr_line' id='line_1_23' title="bbox 97 2521 745 2607; baseline -0.002 -23"><span class='ocrx_word' id='word_1_147' title='bbox 97 2521 281 2607; x_wconf 82' lang='lat' dir='ltr'>Inferidsque</span> <span class='ocrx_word' id='word_1_148' title='bbox 296 2524 355 2586; x_wconf 91' lang='lat' dir='ltr'>suis</span> <span class='ocrx_word' id='word_1_149' title='bbox 370 2523 510 2586; x_wconf 83' lang='lat' dir='ltr'>fraternos</span> <span class='ocrx_word' id='word_1_150' title='bbox 525 2545 642 2585; x_wconf 83' lang='lat' dir='ltr'>currere</span> <span class='ocrx_word' id='word_1_151' title='bbox 658 2522 745 2584; x_wconf 89' lang='lat' dir='ltr'>Luna</span> 
     </span>
    </p>

    <p class='ocr_par' dir='ltr' id='par_1_17' title="bbox 97 2619 859 2704">
     <span class='ocr_line' id='line_1_24' title="bbox 97 2619 859 2704; baseline 0.003 -23"><span class='ocrx_word' id='word_1_152' title='bbox 97 2619 269 2683; x_wconf 89' lang='lat' dir='ltr'>Admiratur</span> <span class='ocrx_word' id='word_1_153' title='bbox 283 2643 391 2704; x_wconf 91' lang='lat' dir='ltr'>equos:</span> <span class='ocrx_word' id='word_1_154' title='bbox 415 2622 607 2704; x_wconf 90' lang='lat' dir='ltr'>ambustaque</span> <span class='ocrx_word' id='word_1_155' title='bbox 623 2621 723 2682; x_wconf 91' lang='lat' dir='ltr'>nubila</span> <span class='ocrx_word' id='word_1_156' title='bbox 737 2619 859 2698; x_wconf 83' lang='lat' dir='ltr'>fumant.</span> 
     </span>
    </p>

    <p class='ocr_par' dir='ltr' id='par_1_18' title="bbox 97 2717 883 2803">
     <span class='ocr_line' id='line_1_25' title="bbox 97 2717 883 2803; baseline 0.001 -22"><span class='ocrx_word' id='word_1_157' title='bbox 97 2717 264 2803; x_wconf 88' lang='lat' dir='ltr'>Corripitur</span> <span class='ocrx_word' id='word_1_158' title='bbox 278 2720 412 2797; x_wconf 84' lang='lat' dir='ltr'>flammis,</span> <span class='ocrx_word' id='word_1_159' title='bbox 428 2733 461 2782; x_wconf 92' lang='lat' dir='ltr'>ut</span> <span class='ocrx_word' id='word_1_160' title='bbox 476 2741 600 2803; x_wconf 78' lang='lat' dir='ltr'>quaque</span> <span class='ocrx_word' id='word_1_161' title='bbox 615 2719 764 2796; x_wconf 84' lang='lat' dir='ltr'>altissima,</span> <span class='ocrx_word' id='word_1_162' title='bbox 779 2721 883 2796; x_wconf 83' lang='lat' dir='ltr'>tellus3</span> 
     </span>
    </p>

    <p class='ocr_par' dir='ltr' id='par_1_19' title="bbox 97 2814 1077 3489">
     <span class='ocr_line' id='line_1_26' title="bbox 98 2814 1077 2902; baseline 0.002 -24"><span class='ocrx_word' id='word_1_163' title='bbox 98 2814 242 2902; x_wconf 83' lang='lat' dir='ltr'>Fissaque</span> <span class='ocrx_word' id='word_1_164' title='bbox 258 2819 318 2901; x_wconf 85' lang='lat' dir='ltr'>agit</span> <span class='ocrx_word' id='word_1_165' title='bbox 331 2819 428 2895; x_wconf 91' lang='lat' dir='ltr'>rimas,</span> <span class='ocrx_word' id='word_1_166' title='bbox 444 2832 474 2880; x_wconf 88' lang='lat' dir='ltr'>et</span> <span class='ocrx_word' id='word_1_167' title='bbox 488 2818 582 2880; x_wconf 89' lang='lat' dir='ltr'>succis</span> <span class='ocrx_word' id='word_1_168' title='bbox 598 2830 660 2880; x_wconf 86' lang='lat' dir='ltr'>aret</span> <span class='ocrx_word' id='word_1_169' title='bbox 676 2817 832 2901; x_wconf 88' lang='lat' dir='ltr'>ademptis.</span> <span class='ocrx_word' id='word_1_170' title='bbox 1011 2820 1077 2881; x_wconf 73' lang='lat'>210</span> 
     </span>
     <span class='ocr_line' id='line_1_27' title="bbox 97 2913 882 2981; baseline 0.003 -5"><span class='ocrx_word' id='word_1_171' title='bbox 97 2913 213 2977; x_wconf 90' lang='lat' dir='ltr'>Pabula</span> <span class='ocrx_word' id='word_1_172' title='bbox 227 2930 404 2980; x_wconf 87' lang='lat' dir='ltr'>canescunt:</span> <span class='ocrx_word' id='word_1_173' title='bbox 427 2940 496 2981; x_wconf 90' lang='lat' dir='ltr'>cum</span> <span class='ocrx_word' id='word_1_174' title='bbox 511 2915 660 2978; x_wconf 86' lang='lat' dir='ltr'>frondibus</span> <span class='ocrx_word' id='word_1_175' title='bbox 674 2916 766 2978; x_wconf 88' lang='lat' dir='ltr'>uritur</span> <span class='ocrx_word' id='word_1_176' title='bbox 781 2917 882 2978; x_wconf 90' lang='lat' dir='ltr'>arbos:</span> 
     </span>
     <span class='ocr_line' id='line_1_28' title="bbox 98 3010 835 3097; baseline 0 -22"><span class='ocrx_word' id='word_1_177' title='bbox 98 3010 314 3097; x_wconf 79' lang='lat' dir='ltr'>Materiemque</span> <span class='ocrx_word' id='word_1_178' title='bbox 330 3036 384 3075; x_wconf 91' lang='lat' dir='ltr'>suo</span> <span class='ocrx_word' id='word_1_179' title='bbox 398 3017 509 3097; x_wconf 83' lang='lat' dir='ltr'>praebet</span> <span class='ocrx_word' id='word_1_180' title='bbox 523 3036 608 3095; x_wconf 85' lang='lat' dir='ltr'>seges</span> <span class='ocrx_word' id='word_1_181' title='bbox 624 3014 704 3076; x_wconf 88' lang='lat' dir='ltr'>arida</span> <span class='ocrx_word' id='word_1_182' title='bbox 718 3014 835 3076; x_wconf 91' lang='lat' dir='ltr'>damno.</span> 
     </span>
     <span class='ocr_line' id='line_1_29' title="bbox 98 3106 996 3195; baseline 0 -22"><span class='ocrx_word' id='word_1_183' title='bbox 98 3110 327 3195; x_wconf 70' lang='lat' dir='ltr'>Parvaquemn</span> <span class='ocrx_word' id='word_1_184' title='bbox 372 3109 490 3193; x_wconf 78' lang='lat' dir='ltr'>Magne</span> <span class='ocrx_word' id='word_1_185' title='bbox 504 3125 630 3193; x_wconf 87' lang='lat' dir='ltr'>pereunt</span> <span class='ocrx_word' id='word_1_186' title='bbox 645 3134 713 3174; x_wconf 91' lang='lat' dir='ltr'>cum</span> <span class='ocrx_word' id='word_1_187' title='bbox 726 3106 996 3185; x_wconf 68' lang='lat' dir='ltr'>moenibus-&#39;urbest</span> 
     </span>
     <span class='ocr_line' id='line_1_30' title="bbox 99 3190 1054 3293; baseline -0.004 -21"><span class='ocrx_word' id='word_1_188' title='bbox 99 3208 239 3293; x_wconf 88' lang='lat' dir='ltr'>Cumque</span> <span class='ocrx_word' id='word_1_189' title='bbox 254 3196 314 3270; x_wconf 86' lang='lat' dir='ltr'>suis</span> <span class='ocrx_word' id='word_1_190' title='bbox 328 3221 404 3269; x_wconf 88' lang='lat' dir='ltr'>totas</span> <span class='ocrx_word' id='word_1_191' title='bbox 420 3208 536 3291; x_wconf 76' lang='lat' dir='ltr'>populis</span> <span class='ocrx_word' id='word_1_192' title='bbox 552 3208 688 3271; x_wconf 88' lang='lat' dir='ltr'>incendia</span> <span class='ocrx_word' id='word_1_193' title='bbox 702 3221 805 3290; x_wconf 79' lang='lat' dir='ltr'>gentes</span> <span class='ocrx_word' id='word_1_194' title='bbox 951 3217 952 3221; x_wconf 78' lang='grc'>’</span> <span class='ocrx_word' id='word_1_195' title='bbox 986 3204 988 3209; x_wconf 75' lang='grc'><strong>’</strong></span> <span class='ocrx_word' id='word_1_196' title='bbox 1049 3190 1054 3199; x_wconf 52' lang='grc'><strong>’</strong></span> 
     </span>
     <span class='ocr_line' id='line_1_31' title="bbox 98 3305 1076 3371; baseline 0.002 -1"><span class='ocrx_word' id='word_1_197' title='bbox 98 3305 134 3370; x_wconf 91' lang='lat' dir='ltr'>In</span> <span class='ocrx_word' id='word_1_198' title='bbox 149 3308 279 3370; x_wconf 89' lang='lat' dir='ltr'>cinerem</span> <span class='ocrx_word' id='word_1_199' title='bbox 294 3318 421 3368; x_wconf 85' lang='lat' dir='ltr'>vertunt.</span> <span class='ocrx_word' id='word_1_200' title='bbox 445 3362 450 3371; x_wconf 85' lang='grc'><em>,</em></span> <span class='ocrx_word' id='word_1_201' title='bbox 467 3305 554 3367; x_wconf 78' lang='lat' dir='ltr'>Silvae</span> <span class='ocrx_word' id='word_1_202' title='bbox 569 3327 638 3367; x_wconf 91' lang='lat' dir='ltr'>cum</span> <span class='ocrx_word' id='word_1_203' title='bbox 652 3306 799 3368; x_wconf 92' lang='lat' dir='ltr'>montibus</span> <span class='ocrx_word' id='word_1_204' title='bbox 814 3305 928 3367; x_wconf 85' lang='lat' dir='ltr'>ardent.</span> <span class='ocrx_word' id='word_1_205' title='bbox 1011 3310 1076 3371; x_wconf 80' lang='lat'>215</span> 
     </span>
     <span class='ocr_line' id='line_1_32' title="bbox 99 3403 970 3489; baseline 0.001 -22"><span class='ocrx_word' id='word_1_206' title='bbox 99 3405 195 3468; x_wconf 89' lang='lat' dir='ltr'>Ardet</span> <span class='ocrx_word' id='word_1_207' title='bbox 209 3405 318 3482; x_wconf 85' lang='lat' dir='ltr'>Athos,</span> <span class='ocrx_word' id='word_1_208' title='bbox 333 3403 510 3488; x_wconf 89' lang='lat' dir='ltr'>Taurusque</span> <span class='ocrx_word' id='word_1_209' title='bbox 526 3404 619 3481; x_wconf 89' lang='lat' dir='ltr'>Cilix,</span> <span class='ocrx_word' id='word_1_210' title='bbox 634 3418 665 3467; x_wconf 89' lang='lat' dir='ltr'>et</span> <span class='ocrx_word' id='word_1_211' title='bbox 679 3404 814 3489; x_wconf 84' lang='lat' dir='ltr'>Tmolus,</span> <span class='ocrx_word' id='word_1_212' title='bbox 829 3417 860 3465; x_wconf 91' lang='lat' dir='ltr'>et</span> <span class='ocrx_word' id='word_1_213' title='bbox 874 3403 970 3484; x_wconf 81' lang='lat' dir='ltr'>OEte3</span> 
     </span>
    </p>
   </div>
   <div class='ocr_carea' id='block_1_7' title="bbox 6 3501 882 3587">
    <p class='ocr_par' dir='ltr' id='par_1_20' title="bbox 6 3501 882 3587">
     <span class='ocr_line' id='line_1_33' title="bbox 6 3501 882 3587; baseline -0.003 -20"><span class='ocrx_word' id='word_1_214' title='bbox 6 3559 10 3567; x_wconf 91' lang='lat'>.</span> <span class='ocrx_word' id='word_1_215' title='bbox 100 3502 142 3566; x_wconf 85' lang='lat' dir='ltr'>Et</span> <span class='ocrx_word' id='word_1_216' title='bbox 156 3526 235 3566; x_wconf 91' lang='lat' dir='ltr'>nunc</span> <span class='ocrx_word' id='word_1_217' title='bbox 250 3504 338 3582; x_wconf 82' lang='lat' dir='ltr'>sicca,</span> <span class='ocrx_word' id='word_1_218' title='bbox 355 3503 434 3587; x_wconf 78' lang='lat' dir='ltr'>prius</span> <span class='ocrx_word' id='word_1_219' title='bbox 449 3502 641 3566; x_wconf 88' lang='lat' dir='ltr'>celeberrima</span> <span class='ocrx_word' id='word_1_220' title='bbox 656 3501 882 3581; x_wconf 85' lang='lat' dir='ltr'>sontibus,1de;</span> 
     </span>
    </p>
   </div>
   <div class='ocr_carea' id='block_1_8' title="bbox 0 0 1182 4110">
    <p class='ocr_par' dir='ltr' id='par_1_21' title="bbox 0 0 1182 4110">
     <span class='ocr_line' id='line_1_34' title="bbox 0 0 1182 4110; baseline 0 0"><span class='ocrx_word' id='word_1_221' title='bbox 0 0 1182 4110; x_wconf 95' lang='lat' dir='ltr'> </span> 
     </span>
    </p>
   </div>
  </div>
 </body>
</html>
