<?xml version="1.0" encoding="UTF-8"?>
<!DOCTYPE html PUBLIC "-//W3C//DTD XHTML 1.0 Transitional//EN"
    "http://www.w3.org/TR/xhtml1/DTD/xhtml1-transitional.dtd">
<html xmlns="http://www.w3.org/1999/xhtml" xml:lang="en" lang="en">
 <head>
  <title>
</title>
<meta http-equiv="Content-Type" content="text/html;charset=utf-8" />
  <meta name='ocr-system' content='tesseract 3.04.00' />
  <meta name='ocr-capabilities' content='ocr_page ocr_carea ocr_par ocr_line ocrx_word'/>
</head>
<body>
  <div class='ocr_page' id='page_1' title='image "./excerptaexscrip00ovidgoog_0201.png"; bbox 0 0 2370 4110; ppageno 0'>
   <div class='ocr_carea' id='block_1_1' title="bbox 157 318 911 379">
    <p class='ocr_par' dir='ltr' id='par_1_1' title="bbox 157 318 911 379">
     <span class='ocr_line' id='line_1_1' title="bbox 157 318 911 379; baseline -0.009 0"><span class='ocrx_word' id='word_1_1' title='bbox 157 318 219 379; x_wconf 81' lang='grc'>184</span> <span class='ocrx_word' id='word_1_2' title='bbox 376 321 530 372; x_wconf 80' lang='lat' dir='ltr'>TRISTIA.</span> <span class='ocrx_word' id='word_1_3' title='bbox 561 321 630 371; x_wconf 85' lang='lat' dir='ltr'>LIB.</span> <span class='ocrx_word' id='word_1_4' title='bbox 652 321 699 371; x_wconf 88' lang='lat' dir='ltr'>1v.</span> <span class='ocrx_word' id='word_1_5' title='bbox 721 321 859 372; x_wconf 78' lang='lat' dir='ltr'>ELEGIA</span> <span class='ocrx_word' id='word_1_6' title='bbox 876 322 911 373; x_wconf 83' lang='lat' dir='ltr'>X.</span> 
     </span>
    </p>
   </div>
   <div class='ocr_carea' id='block_1_2' title="bbox 153 471 1133 1143">
    <p class='ocr_par' dir='ltr' id='par_1_2' title="bbox 153 471 1133 1143">
     <span class='ocr_line' id='line_1_2' title="bbox 155 471 895 556; baseline 0.004 -22"><span class='ocrx_word' id='word_1_7' title='bbox 155 471 267 548; x_wconf 86' lang='lat' dir='ltr'>Gratia,</span> <span class='ocrx_word' id='word_1_8' title='bbox 283 471 383 550; x_wconf 87' lang='lat' dir='ltr'><strong>Musa,</strong></span> <span class='ocrx_word' id='word_1_9' title='bbox 397 473 460 534; x_wconf 89' lang='lat' dir='ltr'>tibi.</span> <span class='ocrx_word' id='word_1_10' title='bbox 506 471 586 534; x_wconf 89' lang='lat' dir='ltr'>Nam</span> <span class='ocrx_word' id='word_1_11' title='bbox 599 484 632 534; x_wconf 92' lang='lat' dir='ltr'>tu</span> <span class='ocrx_word' id='word_1_12' title='bbox 646 471 748 534; x_wconf 88' lang='lat' dir='ltr'>solatia</span> <span class='ocrx_word' id='word_1_13' title='bbox 764 473 895 556; x_wconf 79' lang='lat' dir='ltr'>praebes3</span> 
     </span>
     <span class='ocr_line' id='line_1_3' title="bbox 196 569 786 653; baseline 0.002 -21"><span class='ocrx_word' id='word_1_14' title='bbox 196 569 247 632; x_wconf 88' lang='lat' dir='ltr'>Tu</span> <span class='ocrx_word' id='word_1_15' title='bbox 261 591 337 632; x_wconf 86' lang='lat' dir='ltr'>ourae</span> <span class='ocrx_word' id='word_1_16' title='bbox 352 570 479 653; x_wconf 58' lang='lat' dir='ltr'>requiro,</span> <span class='ocrx_word' id='word_1_17' title='bbox 493 582 524 631; x_wconf 90' lang='lat' dir='ltr'>tu</span> <span class='ocrx_word' id='word_1_18' title='bbox 541 569 685 631; x_wconf 88' lang='lat' dir='ltr'>medicina</span> <span class='ocrx_word' id='word_1_19' title='bbox 699 570 786 633; x_wconf 75' lang='lat' dir='ltr'><strong>mali:</strong></span> 
     </span>
     <span class='ocr_line' id='line_1_4' title="bbox 154 666 918 744; baseline 0.003 -15"><span class='ocrx_word' id='word_1_20' title='bbox 154 666 204 729; x_wconf 92' lang='lat' dir='ltr'>Tu</span> <span class='ocrx_word' id='word_1_21' title='bbox 220 668 291 744; x_wconf 84' lang='lat' dir='ltr'>dux,</span> <span class='ocrx_word' id='word_1_22' title='bbox 307 681 338 729; x_wconf 93' lang='lat' dir='ltr'>tu</span> <span class='ocrx_word' id='word_1_23' title='bbox 353 688 517 729; x_wconf 84' lang='lat' dir='ltr'>comesos:</span> <span class='ocrx_word' id='word_1_24' title='bbox 540 680 572 729; x_wconf 95' lang='lat' dir='ltr'>tu</span> <span class='ocrx_word' id='word_1_25' title='bbox 586 689 639 729; x_wconf 88' lang='lat' dir='ltr'>nos</span> <span class='ocrx_word' id='word_1_26' title='bbox 654 667 775 731; x_wconf 83' lang='lat' dir='ltr'>abducis</span> <span class='ocrx_word' id='word_1_27' title='bbox 789 668 826 730; x_wconf 91' lang='lat' dir='ltr'>ab</span> <span class='ocrx_word' id='word_1_28' title='bbox 841 667 918 732; x_wconf 77' lang='lat' dir='ltr'>Istro</span> 
     </span>
     <span class='ocr_line' id='line_1_5' title="bbox 196 763 1133 848; baseline 0.006 -22"><span class='ocrx_word' id='word_1_29' title='bbox 196 764 231 826; x_wconf 93' lang='lat' dir='ltr'>In</span> <span class='ocrx_word' id='word_1_30' title='bbox 246 765 403 848; x_wconf 88' lang='lat' dir='ltr'>medioque</span> <span class='ocrx_word' id='word_1_31' title='bbox 419 765 492 826; x_wconf 89' lang='lat' dir='ltr'>mihi</span> <span class='ocrx_word' id='word_1_32' title='bbox 507 765 559 828; x_wconf 88' lang='lat' dir='ltr'>das</span> <span class='ocrx_word' id='word_1_33' title='bbox 574 763 721 827; x_wconf 84' lang='lat' dir='ltr'>Helicone</span> <span class='ocrx_word' id='word_1_34' title='bbox 739 765 850 828; x_wconf 83' lang='lat' dir='ltr'>locum.</span> <span class='ocrx_word' id='word_1_35' title='bbox 1075 774 1133 834; x_wconf 69' lang='lat'>120</span> 
     </span>
     <span class='ocr_line' id='line_1_6' title="bbox 153 860 874 949; baseline 0.004 -25"><span class='ocrx_word' id='word_1_36' title='bbox 153 861 204 924; x_wconf 90' lang='lat' dir='ltr'>Tu</span> <span class='ocrx_word' id='word_1_37' title='bbox 219 863 291 924; x_wconf 89' lang='lat' dir='ltr'>mihi</span> <span class='ocrx_word' id='word_1_38' title='bbox 308 860 402 949; x_wconf 88' lang='lat' dir='ltr'>(quod</span> <span class='ocrx_word' id='word_1_39' title='bbox 416 861 529 948; x_wconf 87' lang='lat' dir='ltr'>rarum)</span> <span class='ocrx_word' id='word_1_40' title='bbox 548 863 615 925; x_wconf 83' lang='lat' dir='ltr'>vivo</span> <span class='ocrx_word' id='word_1_41' title='bbox 630 863 754 924; x_wconf 87' lang='lat' dir='ltr'>sublime</span> <span class='ocrx_word' id='word_1_42' title='bbox 769 862 874 927; x_wconf 86' lang='lat' dir='ltr'>dedisti</span> 
     </span>
     <span class='ocr_line' id='line_1_7' title="bbox 196 959 948 1045; baseline 0.004 -23"><span class='ocrx_word' id='word_1_43' title='bbox 196 959 335 1038; x_wconf 82' lang='lat' dir='ltr'>Nomen3</span> <span class='ocrx_word' id='word_1_44' title='bbox 358 962 396 1022; x_wconf 88' lang='lat' dir='ltr'>ab</span> <span class='ocrx_word' id='word_1_45' title='bbox 410 961 558 1045; x_wconf 85' lang='lat' dir='ltr'>exsequiis</span> <span class='ocrx_word' id='word_1_46' title='bbox 574 961 652 1044; x_wconf 90' lang='lat' dir='ltr'>quod</span> <span class='ocrx_word' id='word_1_47' title='bbox 667 961 737 1024; x_wconf 84' lang='lat' dir='ltr'>dare</span> <span class='ocrx_word' id='word_1_48' title='bbox 752 960 848 1024; x_wconf 83' lang='lat' dir='ltr'><strong>Fama</strong></span> <span class='ocrx_word' id='word_1_49' title='bbox 862 962 948 1026; x_wconf 83' lang='lat' dir='ltr'>solet.</span> 
     </span>
     <span class='ocr_line' id='line_1_8' title="bbox 153 1057 859 1143; baseline 0.001 -22"><span class='ocrx_word' id='word_1_50' title='bbox 153 1057 184 1121; x_wconf 92' lang='lat' dir='ltr'><strong>N</strong></span> <span class='ocrx_word' id='word_1_51' title='bbox 186 1080 232 1137; x_wconf 86' lang='lat' dir='ltr'>eo,</span> <span class='ocrx_word' id='word_1_52' title='bbox 249 1059 298 1143; x_wconf 87' lang='lat' dir='ltr'>qui</span> <span class='ocrx_word' id='word_1_53' title='bbox 313 1059 458 1121; x_wconf 79' lang='lat' dir='ltr'>detrectat</span> <span class='ocrx_word' id='word_1_54' title='bbox 473 1059 636 1142; x_wconf 76' lang='lat' dir='ltr'>prooemia,</span> <span class='ocrx_word' id='word_1_55' title='bbox 651 1058 744 1121; x_wconf 85' lang='lat' dir='ltr'>Livor</span> <span class='ocrx_word' id='word_1_56' title='bbox 758 1059 859 1143; x_wconf 90' lang='lat' dir='ltr'>iniquo</span> 
     </span>
    </p>
   </div>
   <div class='ocr_carea' id='block_1_3' title="bbox 153 1155 1130 2016">
    <p class='ocr_par' dir='ltr' id='par_1_3' title="bbox 153 1155 1130 2016">
     <span class='ocr_line' id='line_1_9' title="bbox 195 1155 849 1241; baseline 0 -23"><span class='ocrx_word' id='word_1_57' title='bbox 195 1155 300 1219; x_wconf 90' lang='lat' dir='ltr'>Ullum</span> <span class='ocrx_word' id='word_1_58' title='bbox 315 1157 352 1218; x_wconf 89' lang='lat' dir='ltr'>de</span> <span class='ocrx_word' id='word_1_59' title='bbox 368 1157 472 1219; x_wconf 86' lang='lat' dir='ltr'>nostris</span> <span class='ocrx_word' id='word_1_60' title='bbox 487 1157 576 1218; x_wconf 85' lang='lat' dir='ltr'>dente</span> <span class='ocrx_word' id='word_1_61' title='bbox 591 1157 748 1219; x_wconf 83' lang='lat' dir='ltr'>momordit</span> <span class='ocrx_word' id='word_1_62' title='bbox 762 1179 849 1241; x_wconf 88' lang='lat' dir='ltr'>opus.</span> 
     </span>
     <span class='ocr_line' id='line_1_10' title="bbox 153 1251 1130 1339; baseline 0.006 -23"><span class='ocrx_word' id='word_1_63' title='bbox 153 1251 183 1316; x_wconf 88' lang='lat' dir='ltr'>N</span> <span class='ocrx_word' id='word_1_64' title='bbox 186 1274 243 1330; x_wconf 87' lang='lat' dir='ltr'>am,</span> <span class='ocrx_word' id='word_1_65' title='bbox 258 1254 378 1315; x_wconf 88' lang='lat' dir='ltr'>tulerint</span> <span class='ocrx_word' id='word_1_66' title='bbox 392 1275 513 1335; x_wconf 85' lang='lat' dir='ltr'>magnos</span> <span class='ocrx_word' id='word_1_67' title='bbox 527 1252 596 1315; x_wconf 77' lang='lat' dir='ltr'>oiim</span> <span class='ocrx_word' id='word_1_68' title='bbox 610 1254 717 1317; x_wconf 86' lang='lat' dir='ltr'><strong>saeoula</strong></span> <span class='ocrx_word' id='word_1_69' title='bbox 730 1268 828 1317; x_wconf 87' lang='lat' dir='ltr'>nostra</span> <span class='ocrx_word' id='word_1_70' title='bbox 842 1258 958 1339; x_wconf 62' lang='lat' dir='ltr'>portas,</span> <span class='ocrx_word' id='word_1_71' title='bbox 1069 1262 1130 1322; x_wconf 72' lang='lat'>125</span> 
     </span>
     <span class='ocr_line' id='line_1_11' title="bbox 196 1348 813 1432; baseline 0.006 -22"><span class='ocrx_word' id='word_1_72' title='bbox 196 1348 226 1411; x_wconf 92' lang='lat' dir='ltr'><strong>N</strong></span> <span class='ocrx_word' id='word_1_73' title='bbox 228 1371 266 1411; x_wconf 89' lang='lat' dir='ltr'>on</span> <span class='ocrx_word' id='word_1_74' title='bbox 281 1349 335 1410; x_wconf 86' lang='lat' dir='ltr'>fuit</span> <span class='ocrx_word' id='word_1_75' title='bbox 350 1350 467 1431; x_wconf 87' lang='lat' dir='ltr'>ingenio</span> <span class='ocrx_word' id='word_1_76' title='bbox 481 1349 578 1412; x_wconf 86' lang='lat' dir='ltr'><strong>Fama</strong></span> <span class='ocrx_word' id='word_1_77' title='bbox 592 1350 721 1432; x_wconf 84' lang='lat' dir='ltr'><strong>maligna</strong></span> <span class='ocrx_word' id='word_1_78' title='bbox 734 1374 813 1414; x_wconf 87' lang='lat' dir='ltr'>meo.</span> 
     </span>
     <span class='ocr_line' id='line_1_12' title="bbox 153 1443 1122 1537; baseline 0.007 -28"><span class='ocrx_word' id='word_1_79' title='bbox 153 1443 294 1529; x_wconf 84' lang='lat' dir='ltr'>Cirrnque</span> <span class='ocrx_word' id='word_1_80' title='bbox 310 1467 366 1528; x_wconf 86' lang='lat' dir='ltr'>ego</span> <span class='ocrx_word' id='word_1_81' title='bbox 381 1467 550 1530; x_wconf 85' lang='lat' dir='ltr'>praeponam</span> <span class='ocrx_word' id='word_1_82' title='bbox 564 1448 672 1510; x_wconf 90' lang='lat' dir='ltr'>multos</span> <span class='ocrx_word' id='word_1_83' title='bbox 686 1449 776 1525; x_wconf 86' lang='lat' dir='ltr'>mihi3</span> <span class='ocrx_word' id='word_1_84' title='bbox 798 1471 857 1512; x_wconf 88' lang='lat' dir='ltr'>non</span> <span class='ocrx_word' id='word_1_85' title='bbox 872 1451 968 1514; x_wconf 87' lang='lat' dir='ltr'>minor</span> <span class='ocrx_word' id='word_1_86' title='bbox 980 1450 1039 1515; x_wconf 79' lang='lat' dir='ltr'>illis</span> <span class='ocrx_word' id='word_1_87' title='bbox 1118 1529 1122 1537; x_wconf 37' lang='lat'>,</span> 
     </span>
     <span class='ocr_line' id='line_1_13' title="bbox 195 1543 828 1629; baseline 0.006 -24"><span class='ocrx_word' id='word_1_88' title='bbox 195 1543 305 1606; x_wconf 91' lang='lat' dir='ltr'>Dicor:</span> <span class='ocrx_word' id='word_1_89' title='bbox 329 1556 359 1606; x_wconf 90' lang='lat' dir='ltr'>et</span> <span class='ocrx_word' id='word_1_90' title='bbox 373 1543 404 1606; x_wconf 92' lang='lat' dir='ltr'>in</span> <span class='ocrx_word' id='word_1_91' title='bbox 418 1557 481 1606; x_wconf 89' lang='lat' dir='ltr'>toto</span> <span class='ocrx_word' id='word_1_92' title='bbox 494 1545 636 1627; x_wconf 86' lang='lat' dir='ltr'>plurimus</span> <span class='ocrx_word' id='word_1_93' title='bbox 650 1547 721 1608; x_wconf 90' lang='lat' dir='ltr'>orbe</span> <span class='ocrx_word' id='word_1_94' title='bbox 735 1547 828 1629; x_wconf 85' lang='lat' dir='ltr'>legor.</span> 
     </span>
     <span class='ocr_line' id='line_1_14' title="bbox 153 1640 863 1726; baseline 0.004 -22"><span class='ocrx_word' id='word_1_95' title='bbox 153 1640 185 1705; x_wconf 88' lang='lat' dir='ltr'>Si</span> <span class='ocrx_word' id='word_1_96' title='bbox 200 1642 269 1726; x_wconf 89' lang='lat' dir='ltr'>quid</span> <span class='ocrx_word' id='word_1_97' title='bbox 285 1642 396 1704; x_wconf 86' lang='lat' dir='ltr'>habent</span> <span class='ocrx_word' id='word_1_98' title='bbox 409 1642 496 1724; x_wconf 87' lang='lat' dir='ltr'>igitur</span> <span class='ocrx_word' id='word_1_99' title='bbox 510 1656 611 1704; x_wconf 87' lang='lat' dir='ltr'><strong>vatum</strong></span> <span class='ocrx_word' id='word_1_100' title='bbox 626 1644 766 1726; x_wconf 76' lang='lat' dir='ltr'>prasagia</span> <span class='ocrx_word' id='word_1_101' title='bbox 781 1645 863 1722; x_wconf 69' lang='grc' dir='ltr'><strong>νοτὶς</strong></span> 
     </span>
     <span class='ocr_line' id='line_1_15' title="bbox 195 1740 1129 1818; baseline 0.006 -16"><span class='ocrx_word' id='word_1_102' title='bbox 195 1740 333 1803; x_wconf 87' lang='lat' dir='ltr'>Protinus</span> <span class='ocrx_word' id='word_1_103' title='bbox 347 1752 381 1802; x_wconf 92' lang='lat' dir='ltr'>ut</span> <span class='ocrx_word' id='word_1_104' title='bbox 394 1740 511 1816; x_wconf 89' lang='lat' dir='ltr'>moriar,</span> <span class='ocrx_word' id='word_1_105' title='bbox 525 1760 584 1802; x_wconf 91' lang='lat' dir='ltr'>non</span> <span class='ocrx_word' id='word_1_106' title='bbox 599 1760 660 1817; x_wconf 87' lang='lat' dir='ltr'>ero,</span> <span class='ocrx_word' id='word_1_107' title='bbox 675 1753 762 1818; x_wconf 84' lang='lat' dir='ltr'>terra,</span> <span class='ocrx_word' id='word_1_108' title='bbox 777 1755 855 1804; x_wconf 89' lang='lat' dir='ltr'>tuus.</span> <span class='ocrx_word' id='word_1_109' title='bbox 1067 1747 1129 1808; x_wconf 80' lang='lat'>130</span> 
     </span>
     <span class='ocr_line' id='line_1_16' title="bbox 153 1835 933 1919; baseline 0.003 -19"><span class='ocrx_word' id='word_1_110' title='bbox 153 1836 223 1900; x_wconf 84' lang='lat' dir='ltr'>Sive</span> <span class='ocrx_word' id='word_1_111' title='bbox 238 1835 337 1900; x_wconf 83' lang='lat' dir='ltr'>favore</span> <span class='ocrx_word' id='word_1_112' title='bbox 351 1837 415 1914; x_wconf 91' lang='lat' dir='ltr'>tuli,</span> <span class='ocrx_word' id='word_1_113' title='bbox 429 1837 492 1898; x_wconf 85' lang='lat' dir='ltr'>sive</span> <span class='ocrx_word' id='word_1_114' title='bbox 507 1837 584 1899; x_wconf 89' lang='lat' dir='ltr'>hano</span> <span class='ocrx_word' id='word_1_115' title='bbox 599 1858 657 1919; x_wconf 81' lang='lat' dir='ltr'>ego</span> <span class='ocrx_word' id='word_1_116' title='bbox 670 1839 799 1900; x_wconf 79' lang='lat' dir='ltr'>oannine</span> <span class='ocrx_word' id='word_1_117' title='bbox 813 1838 933 1918; x_wconf 78' lang='lat' dir='ltr'><strong>famam,</strong></span> 
     </span>
     <span class='ocr_line' id='line_1_17' title="bbox 193 1930 792 2016; baseline 0.002 -21"><span class='ocrx_word' id='word_1_118' title='bbox 193 1930 267 1996; x_wconf 83' lang='lat' dir='ltr'>Jure</span> <span class='ocrx_word' id='word_1_119' title='bbox 281 1930 334 1996; x_wconf 85' lang='lat' dir='ltr'>tibi</span> <span class='ocrx_word' id='word_1_120' title='bbox 347 1946 455 2016; x_wconf 81' lang='lat' dir='ltr'>grates,</span> <span class='ocrx_word' id='word_1_121' title='bbox 468 1932 592 1996; x_wconf 80' lang='lat' dir='ltr'>candido</span> <span class='ocrx_word' id='word_1_122' title='bbox 606 1933 710 2012; x_wconf 86' lang='lat' dir='ltr'>lector,</span> <span class='ocrx_word' id='word_1_123' title='bbox 725 1955 792 2016; x_wconf 86' lang='lat' dir='ltr'>ago.</span> 
     </span>
    </p>
   </div>
   <div class='ocr_carea' id='block_1_4' title="bbox 0 0 1190 4110">
    <p class='ocr_par' dir='ltr' id='par_1_4' title="bbox 0 0 1190 4110">
     <span class='ocr_line' id='line_1_18' title="bbox 0 0 1190 4110; baseline 0 2"><span class='ocrx_word' id='word_1_124' title='bbox 0 0 1190 4110; x_wconf 95' lang='lat' dir='ltr'> </span> 
     </span>
    </p>
   </div>
  </div>
 </body>
</html>
