<?xml version="1.0" encoding="UTF-8"?>
<!DOCTYPE html PUBLIC "-//W3C//DTD XHTML 1.0 Transitional//EN"
    "http://www.w3.org/TR/xhtml1/DTD/xhtml1-transitional.dtd">
<html xmlns="http://www.w3.org/1999/xhtml" xml:lang="en" lang="en">
 <head>
  <title>
</title>
<meta http-equiv="Content-Type" content="text/html;charset=utf-8" />
  <meta name='ocr-system' content='tesseract 3.04.00' />
  <meta name='ocr-capabilities' content='ocr_page ocr_carea ocr_par ocr_line ocrx_word'/>
</head>
<body>
  <div class='ocr_page' id='page_1' title='image "./excerptaexscrip00ovidgoog_0034.png"; bbox 0 0 2356 4110; ppageno 0'>
   <div class='ocr_carea' id='block_1_1' title="bbox 524 365 1079 423">
    <p class='ocr_par' dir='ltr' id='par_1_1' title="bbox 524 365 1079 423">
     <span class='ocr_line' id='line_1_1' title="bbox 524 365 1079 423; baseline 0.007 -5"><span class='ocrx_word' id='word_1_1' title='bbox 524 369 632 419; x_wconf 81' lang='lat' dir='ltr'>LIBER</span> <span class='ocrx_word' id='word_1_2' title='bbox 650 369 671 418; x_wconf 90' lang='lat'>1.</span> <span class='ocrx_word' id='word_1_3' title='bbox 1045 365 1079 423; x_wconf 73' lang='lat' dir='ltr'>ll</span> 
     </span>
    </p>
   </div>
   <div class='ocr_carea' id='block_1_2' title="bbox 95 518 1169 3712">
    <p class='ocr_par' dir='ltr' id='par_1_2' title="bbox 95 518 1169 3438">
     <span class='ocr_line' id='line_1_2' title="bbox 101 518 1006 605; baseline -0.007 -19"><span class='ocrx_word' id='word_1_4' title='bbox 101 521 216 586; x_wconf 83' lang='lat' dir='ltr'>Hostes</span> <span class='ocrx_word' id='word_1_5' title='bbox 231 541 356 605; x_wconf 80' lang='lat' dir='ltr'>queque</span> <span class='ocrx_word' id='word_1_6' title='bbox 371 540 450 582; x_wconf 87' lang='lat' dir='ltr'>suos.</span> <span class='ocrx_word' id='word_1_7' title='bbox 494 519 590 582; x_wconf 84' lang='lat' dir='ltr'>Amor</span> <span class='ocrx_word' id='word_1_8' title='bbox 604 531 649 581; x_wconf 92' lang='lat' dir='ltr'>est</span> <span class='ocrx_word' id='word_1_9' title='bbox 662 518 736 581; x_wconf 91' lang='lat' dir='ltr'>mihi</span> <span class='ocrx_word' id='word_1_10' title='bbox 749 538 839 581; x_wconf 81' lang='lat' dir='ltr'>eausa</span> <span class='ocrx_word' id='word_1_11' title='bbox 853 518 1006 602; x_wconf 85' lang='lat' dir='ltr'>sequendi.</span> 
     </span>
     <span class='ocr_line' id='line_1_3' title="bbox 102 616 867 700; baseline -0.003 -18"><span class='ocrx_word' id='word_1_12' title='bbox 102 618 158 682; x_wconf 86' lang='lat' dir='ltr'>Me</span> <span class='ocrx_word' id='word_1_13' title='bbox 173 618 333 683; x_wconf 86' lang='lat' dir='ltr'>miserum!</span> <span class='ocrx_word' id='word_1_14' title='bbox 355 639 395 680; x_wconf 91' lang='lat' dir='ltr'>ne</span> <span class='ocrx_word' id='word_1_15' title='bbox 410 638 503 700; x_wconf 91' lang='lat' dir='ltr'>prona</span> <span class='ocrx_word' id='word_1_16' title='bbox 515 616 615 693; x_wconf 80' lang='lat' dir='ltr'>cadas,</span> <span class='ocrx_word' id='word_1_17' title='bbox 630 617 786 699; x_wconf 84' lang='lat' dir='ltr'><strong>indignave</strong></span> <span class='ocrx_word' id='word_1_18' title='bbox 801 616 867 680; x_wconf 81' lang='lat' dir='ltr'>ledi</span> 
     </span>
     <span class='ocr_line' id='line_1_4' title="bbox 102 713 1081 791; baseline -0.002 -11"><span class='ocrx_word' id='word_1_19' title='bbox 102 716 203 780; x_wconf 88' lang='lat' dir='ltr'>Crura</span> <span class='ocrx_word' id='word_1_20' title='bbox 216 729 319 778; x_wconf 90' lang='lat' dir='ltr'>secent</span> <span class='ocrx_word' id='word_1_21' title='bbox 332 729 449 791; x_wconf 89' lang='lat' dir='ltr'>sentes;</span> <span class='ocrx_word' id='word_1_22' title='bbox 472 726 503 776; x_wconf 90' lang='lat' dir='ltr'>et</span> <span class='ocrx_word' id='word_1_23' title='bbox 516 714 572 777; x_wconf 87' lang='lat' dir='ltr'>sim</span> <span class='ocrx_word' id='word_1_24' title='bbox 585 714 638 777; x_wconf 90' lang='lat' dir='ltr'>tibi</span> <span class='ocrx_word' id='word_1_25' title='bbox 652 735 743 776; x_wconf 89' lang='lat' dir='ltr'>causa</span> <span class='ocrx_word' id='word_1_26' title='bbox 756 713 873 777; x_wconf 87' lang='lat' dir='ltr'>doloris.</span> <span class='ocrx_word' id='word_1_27' title='bbox 1017 717 1081 778; x_wconf 70' lang='lat' dir='ltr'>affl</span> 
     </span>
     <span class='ocr_line' id='line_1_5' title="bbox 103 810 961 897; baseline -0.002 -21"><span class='ocrx_word' id='word_1_28' title='bbox 103 815 235 897; x_wconf 86' lang='lat' dir='ltr'>Aspera,</span> <span class='ocrx_word' id='word_1_29' title='bbox 250 813 310 897; x_wconf 77' lang='lat' dir='ltr'>quai</span> <span class='ocrx_word' id='word_1_30' title='bbox 324 834 475 896; x_wconf 88' lang='lat' dir='ltr'>properas,</span> <span class='ocrx_word' id='word_1_31' title='bbox 489 812 556 875; x_wconf 87' lang='lat' dir='ltr'>loca</span> <span class='ocrx_word' id='word_1_32' title='bbox 568 824 647 875; x_wconf 89' lang='lat' dir='ltr'>sunt.</span> <span class='ocrx_word' id='word_1_33' title='bbox 689 810 884 889; x_wconf 85' lang='lat' dir='ltr'>Moderatiris,</span> <span class='ocrx_word' id='word_1_34' title='bbox 898 834 961 890; x_wconf 86' lang='lat' dir='ltr'>oro,</span> 
     </span>
     <span class='ocr_line' id='line_1_6' title="bbox 104 909 956 994; baseline -0.001 -21"><span class='ocrx_word' id='word_1_35' title='bbox 104 911 216 987; x_wconf 87' lang='lat' dir='ltr'>Curre,</span> <span class='ocrx_word' id='word_1_36' title='bbox 230 911 387 994; x_wconf 84' lang='lat' dir='ltr'>fugamque</span> <span class='ocrx_word' id='word_1_37' title='bbox 401 910 517 974; x_wconf 84' lang='lat' dir='ltr'>inhibe:</span> <span class='ocrx_word' id='word_1_38' title='bbox 539 909 716 972; x_wconf 77' lang='lat' dir='ltr'>moderatius</span> <span class='ocrx_word' id='word_1_39' title='bbox 730 909 867 992; x_wconf 88' lang='lat' dir='ltr'>insequar</span> <span class='ocrx_word' id='word_1_40' title='bbox 880 909 956 992; x_wconf 86' lang='lat' dir='ltr'>ipse.</span> 
     </span>
     <span class='ocr_line' id='line_1_7' title="bbox 105 1006 918 1093; baseline -0.002 -20"><span class='ocrx_word' id='word_1_41' title='bbox 105 1009 170 1073; x_wconf 91' lang='lat' dir='ltr'>Cui</span> <span class='ocrx_word' id='word_1_42' title='bbox 182 1010 310 1093; x_wconf 85' lang='lat' dir='ltr'>placeas,</span> <span class='ocrx_word' id='word_1_43' title='bbox 324 1008 438 1092; x_wconf 87' lang='lat' dir='ltr'>inquire</span> <span class='ocrx_word' id='word_1_44' title='bbox 452 1021 563 1071; x_wconf 86' lang='lat' dir='ltr'>tamen.</span> <span class='ocrx_word' id='word_1_45' title='bbox 608 1006 677 1069; x_wconf 91' lang='lat' dir='ltr'>Non</span> <span class='ocrx_word' id='word_1_46' title='bbox 692 1006 788 1071; x_wconf 84' lang='lat' dir='ltr'>incola</span> <span class='ocrx_word' id='word_1_47' title='bbox 800 1008 918 1084; x_wconf 68' lang='lat' dir='ltr'>mortis,</span> 
     </span>
     <span class='ocr_line' id='line_1_8' title="bbox 106 1104 918 1190; baseline -0.001 -22"><span class='ocrx_word' id='word_1_48' title='bbox 106 1105 179 1168; x_wconf 90' lang='lat' dir='ltr'>Non</span> <span class='ocrx_word' id='word_1_49' title='bbox 194 1128 250 1187; x_wconf 87' lang='lat' dir='ltr'>ego</span> <span class='ocrx_word' id='word_1_50' title='bbox 264 1127 328 1167; x_wconf 91' lang='lat' dir='ltr'>sum</span> <span class='ocrx_word' id='word_1_51' title='bbox 344 1119 458 1190; x_wconf 89' lang='lat' dir='ltr'>pastor:</span> <span class='ocrx_word' id='word_1_52' title='bbox 481 1127 541 1167; x_wconf 92' lang='lat' dir='ltr'>non</span> <span class='ocrx_word' id='word_1_53' title='bbox 555 1104 604 1167; x_wconf 86' lang='lat' dir='ltr'>hic</span> <span class='ocrx_word' id='word_1_54' title='bbox 619 1117 760 1182; x_wconf 85' lang='lat' dir='ltr'>armenta,</span> <span class='ocrx_word' id='word_1_55' title='bbox 776 1126 918 1187; x_wconf 83' lang='lat' dir='ltr'>gregesve</span> 
     </span>
     <span class='ocr_line' id='line_1_9' title="bbox 106 1201 1080 1279; baseline 0.001 -13"><span class='ocrx_word' id='word_1_56' title='bbox 106 1202 251 1266; x_wconf 88' lang='lat' dir='ltr'>Horridus</span> <span class='ocrx_word' id='word_1_57' title='bbox 266 1203 402 1265; x_wconf 88' lang='lat' dir='ltr'>observo.</span> <span class='ocrx_word' id='word_1_58' title='bbox 446 1201 562 1277; x_wconf 84' lang='lat' dir='ltr'>Nescis,</span> <span class='ocrx_word' id='word_1_59' title='bbox 577 1202 740 1279; x_wconf 84' lang='lat' dir='ltr'>temeraria,</span> <span class='ocrx_word' id='word_1_60' title='bbox 755 1202 852 1265; x_wconf 85' lang='lat' dir='ltr'>nescis</span> <span class='ocrx_word' id='word_1_61' title='bbox 1018 1206 1080 1267; x_wconf 80' lang='lat'>465</span> 
     </span>
     <span class='ocr_line' id='line_1_10' title="bbox 105 1297 982 1383; baseline 0.002 -22"><span class='ocrx_word' id='word_1_62' title='bbox 105 1299 213 1373; x_wconf 84' lang='lat' dir='ltr'>Quem</span> <span class='ocrx_word' id='word_1_63' title='bbox 228 1300 336 1383; x_wconf 86' lang='lat' dir='ltr'>fugias:</span> <span class='ocrx_word' id='word_1_64' title='bbox 359 1300 484 1382; x_wconf 90' lang='lat' dir='ltr'>ideoque</span> <span class='ocrx_word' id='word_1_65' title='bbox 499 1299 583 1382; x_wconf 85' lang='lat' dir='ltr'>sugis.</span> <span class='ocrx_word' id='word_1_66' title='bbox 627 1297 706 1362; x_wconf 82' lang='lat' dir='ltr'>Mihi</span> <span class='ocrx_word' id='word_1_67' title='bbox 720 1298 871 1383; x_wconf 85' lang='lat' dir='ltr'>Delphica</span> <span class='ocrx_word' id='word_1_68' title='bbox 885 1300 982 1377; x_wconf 87' lang='lat' dir='ltr'>tellus,</span> 
     </span>
     <span class='ocr_line' id='line_1_11' title="bbox 105 1396 908 1481; baseline 0.002 -22"><span class='ocrx_word' id='word_1_69' title='bbox 105 1397 150 1459; x_wconf 85' lang='lat' dir='ltr'>Et</span> <span class='ocrx_word' id='word_1_70' title='bbox 166 1397 281 1475; x_wconf 86' lang='lat' dir='ltr'>Claros,</span> <span class='ocrx_word' id='word_1_71' title='bbox 295 1411 326 1460; x_wconf 87' lang='lat' dir='ltr'>et</span> <span class='ocrx_word' id='word_1_72' title='bbox 340 1397 493 1473; x_wconf 74' lang='lat' dir='ltr'>TenedoS,</span> <span class='ocrx_word' id='word_1_73' title='bbox 508 1396 699 1481; x_wconf 77' lang='lat' dir='ltr'>Patareaque</span> <span class='ocrx_word' id='word_1_74' title='bbox 713 1397 794 1479; x_wconf 86' lang='lat' dir='ltr'>regia</span> <span class='ocrx_word' id='word_1_75' title='bbox 807 1397 908 1461; x_wconf 89' lang='lat' dir='ltr'>servit.</span> 
     </span>
     <span class='ocr_line' id='line_1_12' title="bbox 103 1492 971 1580; baseline 0.002 -24"><span class='ocrx_word' id='word_1_76' title='bbox 103 1494 226 1578; x_wconf 85' lang='lat' dir='ltr'>Jupiter</span> <span class='ocrx_word' id='word_1_77' title='bbox 238 1508 282 1558; x_wconf 89' lang='lat' dir='ltr'>est</span> <span class='ocrx_word' id='word_1_78' title='bbox 297 1495 420 1577; x_wconf 86' lang='lat' dir='ltr'>genitor.</span> <span class='ocrx_word' id='word_1_79' title='bbox 464 1492 525 1555; x_wconf 92' lang='lat' dir='ltr'>Per</span> <span class='ocrx_word' id='word_1_80' title='bbox 538 1516 598 1571; x_wconf 91' lang='lat' dir='ltr'>me,</span> <span class='ocrx_word' id='word_1_81' title='bbox 614 1494 693 1578; x_wconf 91' lang='lat' dir='ltr'>quod</span> <span class='ocrx_word' id='word_1_82' title='bbox 709 1495 833 1579; x_wconf 90' lang='lat' dir='ltr'>eritque,</span> <span class='ocrx_word' id='word_1_83' title='bbox 847 1495 971 1580; x_wconf 83' lang='lat' dir='ltr'>luitque,</span> 
     </span>
     <span class='ocr_line' id='line_1_13' title="bbox 105 1591 945 1675; baseline 0.004 -22"><span class='ocrx_word' id='word_1_84' title='bbox 105 1591 234 1675; x_wconf 87' lang='lat' dir='ltr'>Estque,</span> <span class='ocrx_word' id='word_1_85' title='bbox 249 1606 347 1675; x_wconf 89' lang='lat' dir='ltr'>patet:</span> <span class='ocrx_word' id='word_1_86' title='bbox 371 1613 426 1675; x_wconf 90' lang='lat' dir='ltr'>per</span> <span class='ocrx_word' id='word_1_87' title='bbox 440 1613 488 1653; x_wconf 93' lang='lat' dir='ltr'>me</span> <span class='ocrx_word' id='word_1_88' title='bbox 503 1591 681 1654; x_wconf 88' lang='lat' dir='ltr'>concordant</span> <span class='ocrx_word' id='word_1_89' title='bbox 695 1593 824 1656; x_wconf 85' lang='lat' dir='ltr'>carmina</span> <span class='ocrx_word' id='word_1_90' title='bbox 836 1594 945 1656; x_wconf 87' lang='lat' dir='ltr'>nervis.</span> 
     </span>
     <span class='ocr_line' id='line_1_14' title="bbox 104 1687 1083 1774; baseline -0.001 -22"><span class='ocrx_word' id='word_1_91' title='bbox 104 1689 202 1752; x_wconf 88' lang='lat' dir='ltr'>Certa</span> <span class='ocrx_word' id='word_1_92' title='bbox 216 1690 334 1774; x_wconf 89' lang='lat' dir='ltr'>quidem</span> <span class='ocrx_word' id='word_1_93' title='bbox 349 1703 447 1752; x_wconf 90' lang='lat' dir='ltr'>nostra</span> <span class='ocrx_word' id='word_1_94' title='bbox 461 1703 522 1751; x_wconf 91' lang='lat' dir='ltr'>est:</span> <span class='ocrx_word' id='word_1_95' title='bbox 544 1687 645 1751; x_wconf 78' lang='lat' dir='ltr'>nostrai</span> <span class='ocrx_word' id='word_1_96' title='bbox 658 1701 758 1752; x_wconf 87' lang='lat' dir='ltr'>tamen</span> <span class='ocrx_word' id='word_1_97' title='bbox 773 1711 833 1753; x_wconf 89' lang='lat' dir='ltr'>una</span> <span class='ocrx_word' id='word_1_98' title='bbox 844 1689 952 1773; x_wconf 64' lang='lat' dir='ltr'>sagitta</span> <span class='ocrx_word' id='word_1_99' title='bbox 1018 1692 1083 1752; x_wconf 79' lang='lat'>470</span> 
     </span>
     <span class='ocr_line' id='line_1_15' title="bbox 105 1786 831 1871; baseline 0 -21"><span class='ocrx_word' id='word_1_100' title='bbox 105 1787 235 1864; x_wconf 87' lang='lat' dir='ltr'>Certior,</span> <span class='ocrx_word' id='word_1_101' title='bbox 249 1787 279 1848; x_wconf 92' lang='lat' dir='ltr'>in</span> <span class='ocrx_word' id='word_1_102' title='bbox 294 1808 389 1849; x_wconf 88' lang='lat' dir='ltr'>vacuo</span> <span class='ocrx_word' id='word_1_103' title='bbox 404 1809 467 1870; x_wconf 86' lang='lat' dir='ltr'>quae</span> <span class='ocrx_word' id='word_1_104' title='bbox 481 1787 602 1850; x_wconf 89' lang='lat' dir='ltr'>vulnera</span> <span class='ocrx_word' id='word_1_105' title='bbox 616 1801 736 1871; x_wconf 85' lang='lat' dir='ltr'>pectore</span> <span class='ocrx_word' id='word_1_106' title='bbox 751 1786 831 1850; x_wconf 84' lang='lat' dir='ltr'>lecit.</span> 
     </span>
     <span class='ocr_line' id='line_1_16' title="bbox 105 1883 972 1967; baseline 0.001 -21"><span class='ocrx_word' id='word_1_107' title='bbox 105 1884 266 1946; x_wconf 88' lang='lat' dir='ltr'>Inventum</span> <span class='ocrx_word' id='word_1_108' title='bbox 279 1884 425 1947; x_wconf 87' lang='lat' dir='ltr'>medicina</span> <span class='ocrx_word' id='word_1_109' title='bbox 438 1906 539 1946; x_wconf 91' lang='lat' dir='ltr'>meum</span> <span class='ocrx_word' id='word_1_110' title='bbox 554 1898 616 1962; x_wconf 91' lang='lat' dir='ltr'>est;</span> <span class='ocrx_word' id='word_1_111' title='bbox 638 1883 789 1967; x_wconf 82' lang='lat' dir='ltr'>opiferque</span> <span class='ocrx_word' id='word_1_112' title='bbox 804 1906 859 1967; x_wconf 90' lang='lat' dir='ltr'>per</span> <span class='ocrx_word' id='word_1_113' title='bbox 871 1884 972 1947; x_wconf 87' lang='lat' dir='ltr'>orbem</span> 
     </span>
     <span class='ocr_line' id='line_1_17' title="bbox 105 1980 843 2067; baseline -0.004 -22"><span class='ocrx_word' id='word_1_114' title='bbox 105 1981 203 2046; x_wconf 87' lang='lat' dir='ltr'>Dicor</span> <span class='ocrx_word' id='word_1_115' title='bbox 211 2004 220 2059; x_wconf 94' lang='lat'>;</span> <span class='ocrx_word' id='word_1_116' title='bbox 241 1996 272 2045; x_wconf 92' lang='lat' dir='ltr'>et</span> <span class='ocrx_word' id='word_1_117' title='bbox 286 1983 442 2045; x_wconf 87' lang='lat' dir='ltr'>herbarum</span> <span class='ocrx_word' id='word_1_118' title='bbox 455 1982 588 2067; x_wconf 85' lang='lat' dir='ltr'>subjecta</span> <span class='ocrx_word' id='word_1_119' title='bbox 602 1980 735 2064; x_wconf 85' lang='lat' dir='ltr'>potentia</span> <span class='ocrx_word' id='word_1_120' title='bbox 749 1981 843 2043; x_wconf 90' lang='lat' dir='ltr'>nobis.</span> 
     </span>
     <span class='ocr_line' id='line_1_18' title="bbox 105 2077 937 2164; baseline -0.001 -22"><span class='ocrx_word' id='word_1_121' title='bbox 105 2079 169 2143; x_wconf 89' lang='lat' dir='ltr'>Hei</span> <span class='ocrx_word' id='word_1_122' title='bbox 182 2080 264 2159; x_wconf 89' lang='lat' dir='ltr'>mihi,</span> <span class='ocrx_word' id='word_1_123' title='bbox 279 2079 360 2164; x_wconf 90' lang='lat' dir='ltr'>quod</span> <span class='ocrx_word' id='word_1_124' title='bbox 373 2080 459 2142; x_wconf 90' lang='lat' dir='ltr'>nullis</span> <span class='ocrx_word' id='word_1_125' title='bbox 473 2101 555 2145; x_wconf 89' lang='lat' dir='ltr'>amor</span> <span class='ocrx_word' id='word_1_126' title='bbox 568 2093 613 2142; x_wconf 88' lang='lat' dir='ltr'>est</span> <span class='ocrx_word' id='word_1_127' title='bbox 627 2079 808 2142; x_wconf 87' lang='lat' dir='ltr'>medicabilis</span> <span class='ocrx_word' id='word_1_128' title='bbox 822 2077 937 2142; x_wconf 89' lang='lat' dir='ltr'>herbis:</span> 
     </span>
     <span class='ocr_line' id='line_1_19' title="bbox 104 2175 1081 2262; baseline 0 -22"><span class='ocrx_word' id='word_1_129' title='bbox 104 2177 138 2240; x_wconf 91' lang='lat' dir='ltr'>N</span> <span class='ocrx_word' id='word_1_130' title='bbox 140 2200 175 2240; x_wconf 89' lang='lat' dir='ltr'>eo</span> <span class='ocrx_word' id='word_1_131' title='bbox 189 2191 311 2262; x_wconf 88' lang='lat' dir='ltr'>prosunt</span> <span class='ocrx_word' id='word_1_132' title='bbox 325 2178 454 2255; x_wconf 90' lang='lat' dir='ltr'>domino,</span> <span class='ocrx_word' id='word_1_133' title='bbox 469 2200 533 2262; x_wconf 81' lang='lat' dir='ltr'>que</span> <span class='ocrx_word' id='word_1_134' title='bbox 548 2191 669 2260; x_wconf 89' lang='lat' dir='ltr'>prosunt</span> <span class='ocrx_word' id='word_1_135' title='bbox 682 2176 828 2254; x_wconf 91' lang='lat' dir='ltr'>omnibus,</span> <span class='ocrx_word' id='word_1_136' title='bbox 844 2189 937 2240; x_wconf 85' lang='lat' dir='ltr'>artes</span> <span class='ocrx_word' id='word_1_137' title='bbox 930 2175 949 2221; x_wconf 69' lang='grc' dir='ltr'>Ρ</span> <span class='ocrx_word' id='word_1_138' title='bbox 1017 2179 1081 2240; x_wconf 79' lang='lat'>475</span> 
     </span>
     <span class='ocr_line' id='line_1_20' title="bbox 104 2275 723 2338; baseline -0.003 0"><span class='ocrx_word' id='word_1_139' title='bbox 104 2275 199 2338; x_wconf 88' lang='lat' dir='ltr'>Plura</span> <span class='ocrx_word' id='word_1_140' title='bbox 211 2276 378 2338; x_wconf 87' lang='lat' dir='ltr'>locuturum</span> <span class='ocrx_word' id='word_1_141' title='bbox 391 2275 494 2338; x_wconf 90' lang='lat' dir='ltr'>timido</span> <span class='ocrx_word' id='word_1_142' title='bbox 509 2275 624 2338; x_wconf 87' lang='lat' dir='ltr'>Peneia</span> <span class='ocrx_word' id='word_1_143' title='bbox 636 2297 723 2337; x_wconf 89' lang='lat' dir='ltr'>cursu</span> 
     </span>
     <span class='ocr_line' id='line_1_21' title="bbox 104 2371 874 2457; baseline -0.004 -20"><span class='ocrx_word' id='word_1_144' title='bbox 104 2373 217 2455; x_wconf 84' lang='lat' dir='ltr'>Fugit3</span> <span class='ocrx_word' id='word_1_145' title='bbox 238 2395 365 2457; x_wconf 90' lang='lat' dir='ltr'>cumque</span> <span class='ocrx_word' id='word_1_146' title='bbox 380 2374 444 2456; x_wconf 92' lang='lat' dir='ltr'>ipso</span> <span class='ocrx_word' id='word_1_147' title='bbox 458 2374 549 2436; x_wconf 87' lang='lat' dir='ltr'>verba</span> <span class='ocrx_word' id='word_1_148' title='bbox 561 2371 734 2456; x_wconf 84' lang='lat' dir='ltr'>imperfecta</span> <span class='ocrx_word' id='word_1_149' title='bbox 748 2373 874 2457; x_wconf 89' lang='lat' dir='ltr'>reliquit.</span> 
     </span>
     <span class='ocr_line' id='line_1_22' title="bbox 103 2412 939 2555; baseline 0.004 -21"><span class='ocrx_word' id='word_1_150' title='bbox 103 2548 109 2555; x_wconf 31' lang='grc'>,</span> <span class='ocrx_word' id='word_1_151' title='bbox 148 2430 194 2534; x_wconf 74' lang='lat' dir='ltr'>llt</span> <span class='ocrx_word' id='word_1_152' title='bbox 208 2472 288 2534; x_wconf 88' lang='lat' dir='ltr'>canis</span> <span class='ocrx_word' id='word_1_153' title='bbox 303 2472 332 2533; x_wconf 93' lang='lat' dir='ltr'>in</span> <span class='ocrx_word' id='word_1_154' title='bbox 347 2493 442 2534; x_wconf 84' lang='lat' dir='ltr'>vacuo</span> <span class='ocrx_word' id='word_1_155' title='bbox 455 2472 589 2554; x_wconf 88' lang='lat' dir='ltr'>leporem</span> <span class='ocrx_word' id='word_1_156' title='bbox 603 2471 672 2533; x_wconf 79' lang='lat' dir='ltr'>cum</span> <span class='ocrx_word' id='word_1_157' title='bbox 687 2469 825 2548; x_wconf 57' lang='lat' dir='ltr'>Gallicus,</span> <span class='ocrx_word' id='word_1_158' title='bbox 834 2412 939 2537; x_wconf 39' lang='lat' dir='ltr'>u*</span> 
     </span>
     <span class='ocr_line' id='line_1_23' title="bbox 106 2569 929 2652; baseline -0.001 -21"><span class='ocrx_word' id='word_1_159' title='bbox 106 2569 210 2647; x_wconf 86' lang='lat' dir='ltr'>Vidit3</span> <span class='ocrx_word' id='word_1_160' title='bbox 231 2583 263 2632; x_wconf 89' lang='lat' dir='ltr'>et</span> <span class='ocrx_word' id='word_1_161' title='bbox 275 2569 325 2633; x_wconf 88' lang='lat' dir='ltr'>hio</span> <span class='ocrx_word' id='word_1_162' title='bbox 339 2570 468 2652; x_wconf 81' lang='lat' dir='ltr'>predam</span> <span class='ocrx_word' id='word_1_163' title='bbox 484 2569 608 2652; x_wconf 85' lang='lat' dir='ltr'>pedibus</span> <span class='ocrx_word' id='word_1_164' title='bbox 622 2569 707 2652; x_wconf 90' lang='lat' dir='ltr'>petit,</span> <span class='ocrx_word' id='word_1_165' title='bbox 722 2569 772 2631; x_wconf 89' lang='lat' dir='ltr'>ille</span> <span class='ocrx_word' id='word_1_166' title='bbox 787 2569 929 2631; x_wconf 89' lang='lat' dir='ltr'>salutem:</span> 
     </span>
     <span class='ocr_line' id='line_1_24' title="bbox 103 2665 1147 2753; baseline -0.003 -22"><span class='ocrx_word' id='word_1_167' title='bbox 103 2667 198 2731; x_wconf 67' lang='lat' dir='ltr'>Alter·</span> <span class='ocrx_word' id='word_1_168' title='bbox 207 2667 350 2731; x_wconf 83' lang='lat' dir='ltr'>inhesuno</span> <span class='ocrx_word' id='word_1_169' title='bbox 363 2667 473 2745; x_wconf 89' lang='lat' dir='ltr'>similis,</span> <span class='ocrx_word' id='word_1_170' title='bbox 484 2666 548 2753; x_wconf 87' lang='lat' dir='ltr'>jam</span> <span class='ocrx_word' id='word_1_171' title='bbox 558 2665 680 2752; x_wconf 86' lang='lat' dir='ltr'>jamque</span> <span class='ocrx_word' id='word_1_172' title='bbox 694 2680 796 2729; x_wconf 87' lang='lat' dir='ltr'>tenere</span> <span class='ocrx_word' id='word_1_173' title='bbox 1017 2667 1081 2729; x_wconf 86' lang='grc'>480</span> <span class='ocrx_word' id='word_1_174' title='bbox 1104 2668 1147 2719; x_wconf 53' lang='lat'>³»</span> 
     </span>
     <span class='ocr_line' id='line_1_25' title="bbox 103 2765 1169 2849; baseline -0.003 -21"><span class='ocrx_word' id='word_1_175' title='bbox 103 2766 224 2849; x_wconf 85' lang='lat' dir='ltr'>Sperat,</span> <span class='ocrx_word' id='word_1_176' title='bbox 238 2778 269 2828; x_wconf 91' lang='lat' dir='ltr'>et</span> <span class='ocrx_word' id='word_1_177' title='bbox 283 2778 405 2829; x_wconf 83' lang='lat' dir='ltr'>extento</span> <span class='ocrx_word' id='word_1_178' title='bbox 418 2765 532 2847; x_wconf 84' lang='lat' dir='ltr'>stringit</span> <span class='ocrx_word' id='word_1_179' title='bbox 547 2765 669 2846; x_wconf 85' lang='lat' dir='ltr'>vestigia</span> <span class='ocrx_word' id='word_1_180' title='bbox 681 2778 790 2827; x_wconf 86' lang='lat' dir='ltr'>rostro:</span> <span class='ocrx_word' id='word_1_181' title='bbox 1166 2768 1169 2773; x_wconf 85' lang='lat'>&#39;</span> 
     </span>
     <span class='ocr_line' id='line_1_26' title="bbox 101 2860 877 2945; baseline -0.005 -20"><span class='ocrx_word' id='word_1_182' title='bbox 101 2863 194 2925; x_wconf 89' lang='lat' dir='ltr'>Alter</span> <span class='ocrx_word' id='word_1_183' title='bbox 207 2863 237 2925; x_wconf 94' lang='lat' dir='ltr'>in</span> <span class='ocrx_word' id='word_1_184' title='bbox 251 2862 388 2945; x_wconf 83' lang='lat' dir='ltr'>ambiguo</span> <span class='ocrx_word' id='word_1_185' title='bbox 402 2876 456 2940; x_wconf 91' lang='lat' dir='ltr'>est,</span> <span class='ocrx_word' id='word_1_186' title='bbox 472 2885 510 2926; x_wconf 88' lang='lat' dir='ltr'>an</span> <span class='ocrx_word' id='word_1_187' title='bbox 522 2864 560 2926; x_wconf 87' lang='lat' dir='ltr'>sit</span> <span class='ocrx_word' id='word_1_188' title='bbox 575 2863 747 2945; x_wconf 87' lang='lat' dir='ltr'>deprensus,</span> <span class='ocrx_word' id='word_1_189' title='bbox 762 2873 793 2922; x_wconf 89' lang='lat' dir='ltr'>et</span> <span class='ocrx_word' id='word_1_190' title='bbox 806 2860 877 2943; x_wconf 83' lang='lat' dir='ltr'>ipsis</span> 
     </span>
     <span class='ocr_line' id='line_1_27' title="bbox 100 2956 854 3046; baseline -0.003 -23"><span class='ocrx_word' id='word_1_191' title='bbox 100 2959 255 3023; x_wconf 89' lang='lat' dir='ltr'>Morsibus</span> <span class='ocrx_word' id='word_1_192' title='bbox 270 2960 400 3044; x_wconf 87' lang='lat' dir='ltr'>eripitur,</span> <span class='ocrx_word' id='word_1_193' title='bbox 414 2961 622 3046; x_wconf 84' lang='lat' dir='ltr'>tangentiaque</span> <span class='ocrx_word' id='word_1_194' title='bbox 636 2979 686 3020; x_wconf 90' lang='lat' dir='ltr'>ora</span> <span class='ocrx_word' id='word_1_195' title='bbox 700 2956 854 3042; x_wconf 89' lang='lat' dir='ltr'>relinquit:</span> 
     </span>
     <span class='ocr_line' id='line_1_28' title="bbox 99 3056 909 3143; baseline 0.002 -21"><span class='ocrx_word' id='word_1_196' title='bbox 99 3058 153 3122; x_wconf 77' lang='lat' dir='ltr'>sic</span> <span class='ocrx_word' id='word_1_197' title='bbox 168 3058 254 3137; x_wconf 88' lang='lat' dir='ltr'>deus,</span> <span class='ocrx_word' id='word_1_198' title='bbox 268 3073 299 3122; x_wconf 91' lang='lat' dir='ltr'>et</span> <span class='ocrx_word' id='word_1_199' title='bbox 313 3059 395 3142; x_wconf 80' lang='lat' dir='ltr'>virgo</span> <span class='ocrx_word' id='word_1_200' title='bbox 408 3073 472 3124; x_wconf 90' lang='lat' dir='ltr'>est:</span> <span class='ocrx_word' id='word_1_201' title='bbox 495 3059 544 3122; x_wconf 85' lang='lat' dir='ltr'>hin</span> <span class='ocrx_word' id='word_1_202' title='bbox 559 3080 613 3143; x_wconf 90' lang='lat' dir='ltr'>spe</span> <span class='ocrx_word' id='word_1_203' title='bbox 627 3057 716 3135; x_wconf 89' lang='lat' dir='ltr'>celer,</span> <span class='ocrx_word' id='word_1_204' title='bbox 731 3056 780 3120; x_wconf 90' lang='lat' dir='ltr'>illa</span> <span class='ocrx_word' id='word_1_205' title='bbox 793 3057 909 3133; x_wconf 78' lang='lat' dir='ltr'>timore.</span> 
     </span>
     <span class='ocr_line' id='line_1_29' title="bbox 98 3154 1080 3243; baseline 0.003 -24"><span class='ocrx_word' id='word_1_206' title='bbox 98 3157 168 3231; x_wconf 82' lang='lat' dir='ltr'>Qui</span> <span class='ocrx_word' id='word_1_207' title='bbox 183 3169 284 3220; x_wconf 87' lang='lat' dir='ltr'>tamen</span> <span class='ocrx_word' id='word_1_208' title='bbox 299 3157 471 3242; x_wconf 86' lang='lat' dir='ltr'>insequitur,</span> <span class='ocrx_word' id='word_1_209' title='bbox 486 3157 591 3242; x_wconf 86' lang='lat' dir='ltr'>pennis</span> <span class='ocrx_word' id='word_1_210' title='bbox 605 3156 723 3243; x_wconf 87' lang='lat' dir='ltr'>adjutus</span> <span class='ocrx_word' id='word_1_211' title='bbox 736 3154 858 3221; x_wconf 85' lang='lat' dir='ltr'>Amoris</span> <span class='ocrx_word' id='word_1_212' title='bbox 1016 3158 1080 3221; x_wconf 71' lang='lat'>«185</span> 
     </span>
     <span class='ocr_line' id='line_1_30' title="bbox 96 3254 868 3341; baseline 0.003 -22"><span class='ocrx_word' id='word_1_213' title='bbox 96 3256 197 3320; x_wconf 86' lang='lat' dir='ltr'>Ocior</span> <span class='ocrx_word' id='word_1_214' title='bbox 210 3268 265 3333; x_wconf 89' lang='lat' dir='ltr'>est,</span> <span class='ocrx_word' id='word_1_215' title='bbox 279 3257 470 3341; x_wconf 89' lang='lat' dir='ltr'>requiemque</span> <span class='ocrx_word' id='word_1_216' title='bbox 486 3268 591 3337; x_wconf 82' lang='lat' dir='ltr'>negat:</span> <span class='ocrx_word' id='word_1_217' title='bbox 614 3268 754 3340; x_wconf 86' lang='lat' dir='ltr'>tergoque</span> <span class='ocrx_word' id='word_1_218' title='bbox 769 3254 868 3338; x_wconf 85' lang='lat' dir='ltr'>fugaci</span> 
     </span>
     <span class='ocr_line' id='line_1_31' title="bbox 95 3352 868 3438; baseline -0.005 -19"><span class='ocrx_word' id='word_1_219' title='bbox 95 3354 245 3419; x_wconf 86' lang='lat' dir='ltr'>Imminet</span> <span class='ocrx_word' id='word_1_220' title='bbox 253 3375 262 3432; x_wconf 92' lang='lat'>;</span> <span class='ocrx_word' id='word_1_221' title='bbox 284 3367 314 3417; x_wconf 89' lang='lat' dir='ltr'>et</span> <span class='ocrx_word' id='word_1_222' title='bbox 329 3355 441 3417; x_wconf 87' lang='lat' dir='ltr'>crinem</span> <span class='ocrx_word' id='word_1_223' title='bbox 455 3374 587 3438; x_wconf 88' lang='lat' dir='ltr'>sparsum</span> <span class='ocrx_word' id='word_1_224' title='bbox 601 3353 764 3417; x_wconf 85' lang='lat' dir='ltr'>cervicibus</span> <span class='ocrx_word' id='word_1_225' title='bbox 778 3352 868 3417; x_wconf 85' lang='lat' dir='ltr'>afflat.</span> 
     </span>
    </p>

    <p class='ocr_par' dir='ltr' id='par_1_3' title="bbox 95 3452 843 3636">
     <span class='ocr_line' id='line_1_32' title="bbox 142 3452 806 3536; baseline -0.005 -19"><span class='ocrx_word' id='word_1_226' title='bbox 142 3452 268 3517; x_wconf 70' lang='lat' dir='ltr'>Viribus</span> <span class='ocrx_word' id='word_1_227' title='bbox 283 3454 422 3517; x_wconf 89' lang='lat' dir='ltr'>absumtis</span> <span class='ocrx_word' id='word_1_228' title='bbox 437 3452 580 3536; x_wconf 85' lang='lat' dir='ltr'>expalluit</span> <span class='ocrx_word' id='word_1_229' title='bbox 593 3453 659 3516; x_wconf 91' lang='lat' dir='ltr'>illa:</span> <span class='ocrx_word' id='word_1_230' title='bbox 681 3453 806 3535; x_wconf 79' lang='lat' dir='ltr'>citaque</span> 
     </span>
     <span class='ocr_line' id='line_1_33' title="bbox 95 3547 843 3636; baseline -0.012 -19"><span class='ocrx_word' id='word_1_231' title='bbox 95 3553 193 3618; x_wconf 73' lang='lat' dir='ltr'>Victa</span> <span class='ocrx_word' id='word_1_232' title='bbox 206 3552 308 3615; x_wconf 89' lang='lat' dir='ltr'>labore</span> <span class='ocrx_word' id='word_1_233' title='bbox 323 3550 410 3635; x_wconf 80' lang='lat' dir='ltr'>fuga,</span> <span class='ocrx_word' id='word_1_234' title='bbox 424 3563 561 3636; x_wconf 84' lang='lat' dir='ltr'>spectans</span> <span class='ocrx_word' id='word_1_235' title='bbox 575 3549 725 3615; x_wconf 77' lang='lat' dir='ltr'>Peneidas</span> <span class='ocrx_word' id='word_1_236' title='bbox 739 3547 843 3624; x_wconf 87' lang='lat' dir='ltr'>undas,</span> 
     </span>
    </p>

    <p class='ocr_par' dir='ltr' id='par_1_4' title="bbox 292 3650 452 3712">
     <span class='ocr_line' id='line_1_34' title="bbox 292 3650 452 3712; baseline 0 -7"><span class='ocrx_word' id='word_1_237' title='bbox 292 3666 320 3705; x_wconf 68' lang='lat' dir='ltr'>et</span> <span class='ocrx_word' id='word_1_238' title='bbox 403 3650 452 3712; x_wconf 64' lang='lat'>2*</span> 
     </span>
    </p>
   </div>
   <div class='ocr_carea' id='block_1_3' title="bbox 249 3750 339 3889">
    <p class='ocr_par' dir='ltr' id='par_1_5' title="bbox 249 3750 339 3889">
     <span class='ocr_line' id='line_1_35' title="bbox 249 3750 339 3889; baseline 0 0"><span class='ocrx_word' id='word_1_239' title='bbox 249 3750 339 3889; x_wconf 64' lang='lat' dir='ltr'>&#39;U</span> 
     </span>
    </p>
   </div>
   <div class='ocr_carea' id='block_1_4' title="bbox 0 0 1182 4110">
    <p class='ocr_par' dir='ltr' id='par_1_6' title="bbox 0 0 1182 4110">
     <span class='ocr_line' id='line_1_36' title="bbox 0 0 1182 4110; baseline 0 0"><span class='ocrx_word' id='word_1_240' title='bbox 0 0 1182 4110; x_wconf 95' lang='lat' dir='ltr'> </span> 
     </span>
    </p>
   </div>
  </div>
 </body>
</html>
