2356 4110
100 336 143 395 44
421 337 768 387 METAMORPHOSEON

102 489 151 551 De
167 489 263 571 modo,
270 487 380 570 viginti.
387 487 445 573 (tot
459 487 538 559 enim
552 487 685 563 ratisjlla
699 485 825 572 serebat)

101 586 264 671 Restabant
278 587 366 649 solus.
410 584 572 674 Pavidum,
581 585 770 667 gelidumque
786 584 922 647 trementi

101 678 370 766 Corpore,'.vixque
385 703 484 743 meum
498 682 594 743 firmat
609 682 691 759 deus,
707 688 727 718 “
737 681 888 758 Excute,’'
905 681 1019 759 dicens,

102 780 231 844 “Corde
246 794 369 856 metum,
384 779 534 862 Diamque
549 779 651 841 tene.''
697 778 823 841 Delatus
837 779 868 841 in
881 778 973 856 illam,

101 879 244 941 Accensis
259 878 323 956 aris,
338 877 490 940 Baccheia
504 898 585 939 sacra
599 875 774 960 frequento.’
1010 881 1051 941 27
1053 881 1074 942 5

356 1616 475 1656 PYRAMI
498 1616 539 1657 ΕΤ
561 1617 698 1659 'rfflsnus
720 1618 814 1660 Mons.

536 1801 565 1840 v.
582 1782 634 1840 55.

101 1945 248 2029 Pyramus
262 1961 292 2011 et
307 1947 432 2026 Thisbe,
442 1947 586 2032 juvenum
601 1949 814 2033 pulcherrimus
828 1951 912 2029 alter,

102 2044 215 2122 Altera,
231 2067 302 2129 quas
317 2044 425 2107 Oriens
440 2046 552 2123 habuit,
568 2047 686 2128 praelata
700 2047 815 2129 puellis,

100 2141 263 2222 Contiguus
279 2143 401 2203 tenuere
417 2141 538 2204 domos:
561 2143 730 2204 ubidicitur
745 2145 834 2207 altam

101 2237 265 2301 Coctilibus
279 2238 368 2300 muris
383 2239 509 2300 cinxisse
525 2239 694 2302 Semiramis
707 2242 821 2306 urbem.

101 2334 254 2412 Notitiam,
269 2337 437 2420 primosque
452 2337 558 2418 gradus
574 2338 678 2401 vicinia
693 2338 779 2401 lecit:
1052 2346 1074 2407 5

100 2432 252 2517 Tempore
267 2434 360 2496 crevit
374 2456 472 2496 amor:
495 2436 576 2497 tadae
592 2458 708 2519 quoque
719 2436 785 2522 jure
801 2435 929 2502 coissent
938 2461 947 2516 ;

34 2597 37 2601 ,
101 2530 160 2592 Sed
177 2532 297 2592 vetudre
313 2545 421 2614 patreS,
438 2533 515 2615 quod
529 2554 588 2594 non
603 2535 726 2616 potudre
742 2548 851 2598 vetare.

142 2626 245 2688 Fissus
261 2641 323 2689 erat
337 2629 418 2690 tenui
432 2629 516 2705 rimi,
533 2651 621 2712 quam
635 2630 760 2694 duxerat
778 2633 859 2710 olim,

99 2723 180 2787 Cinn
195 2727 276 2788 fieret
290 2726 385 2809 paries
400 2727 499 2788 domui
512 2729 675 2790 communis
689 2730 815 2814 utrique.

71 2866 73 2881 2
98 2822 134 2884 ld
150 2825 253 2885 vitium
268 2826 339 2886 nulli
356 2847 408 2908 per
421 2825 532 2887 saecula
546 2825 632 2907 longa
647 2840 791 2906 notatum,
1032 2835 1073 2895 10

101 2919 201 3006 (Quid
216 2945 275 2984 non
289 2925 377 2986 sentit
392 2946 473 2986 amor
482 2922 509 3009 l)
532 2924 619 3008 primi
632 2926 760 2988 sensistis
775 2939 917 2990 amentes.

98 3017 141 3080 Et
155 3021 219 3080 voci
234 3018 341 3082 fecistis
356 3023 421 3083 iter.
465 3020 547 3082 Tum
561 3044 710 3084 murmure
724 3045 816 3106 parvo

98 3112 196 3177 Multa
211 3116 290 3199 priris
306 3118 411 3198 questi,
427 3130 568 3194 statuunt,
584 3132 615 3181 ut
630 3133 717 3183 nocte
731 3121 828 3182 silenti

98 3210 216 3277 Fallere
231 3213 377 3290 custodes,
394 3213 560 3297 foribusque
576 3216 724 3279 excedere
738 3231 863 3281 tentent.

92 3308 238 3394 Cirmque
254 3310 342 3373 domo
357 3311 492 3388 exierint,
507 3311 585 3373 urbis
600 3335 717 3398 quoque
731 3317 859 3379 claustra
872 3318 1056 3403 relinquant:

98 3406 185 3469 Neve
201 3409 238 3470 sit
252 3409 406 3471 errandum
422 3409 483 3470 lato
498 3409 689 3491 spatiantibus
703 3435 785 3490 arvo,
1031 3419 1073 3480 16

99 3501 288 3567 Conveniant
302 3507 340 3569 ad
353 3507 439 3570 busta
453 3503 543 3568 Nini:
566 3507 733 3594 lateantque
748 3510 803 3573 sub
816 3509 923 3574 umbri
