2356 4110
478 313 586 364 nura
610 314 682 364 xrrr.
1014 301 1075 366 133

95 464 242 543 latravit,
256 478 364 528 conata
377 464 468 548 loqui.
513 463 613 526 Locus
628 477 736 543 exstat,
752 476 782 527 et
796 483 838 526 ex
850 483 883 526 re

98 561 217 626 Nomen
233 563 342 625 habet:
365 576 558 645 veterumque
573 561 623 623 diu
637 583 752 624 memor
766 561 815 624 illa
829 560 994 638 malorum,

99 659 178 722 Tum
195 681 315 743 quoque
331 659 478 722 Sithonios
494 658 615 721 ululavit
631 672 737 720 moesta
751 680 805 742 per
819 679 913 740 agros.

102 754 178 818 Illius
194 756 350 839 Troasque
365 777 443 832 suos,
459 757 617 837 hostesque
632 754 784 836 Pelasgos,
1011 755 1076 817 565

104 851 179 914 lllius
194 852 311 915 fortuna
326 853 396 915 deos
413 873 530 936 quoque
545 864 678 914 moverat
693 873 812 914 omnes:

106 948 149 1012 Sic
163 972 279 1027 omnes,
294 964 326 1012 ut
341 965 371 1013 et
385 951 450 1032 ipsa
462 948 546 1010 Jovis
561 947 730 1032 conjuxque
745 969 883 1031 sororque

108 1044 236 1110 Eventus
251 1045 410 1109 Hecubam
423 1047 564 1108 meruisse
579 1047 731 1128 negaverit
745 1046 818 1109 illos.

267 1250 433 1292 nunonis
456 1250 595 1291 munitus
618 1251 652 1292 IN
674 1251 753 1291 AVES
776 1249 910 1292 nostrl.

528 1420 557 1461 v.
575 1400 648 1462 576.

62 1547 65 1643 p
146 1531 213 1595 Nou
228 1546 315 1595 vacat
328 1532 461 1610 Aurorae,
477 1552 645 1615 quanquam
658 1531 753 1595 isdem
768 1532 880 1595 laverat
893 1532 990 1608 armis,

62 1646 65 1716 ξ
114 1626 256 1707 Cladibus,
271 1643 302 1692 et
316 1652 385 1693 casu
400 1628 558 1714 Trojaeque
574 1628 767 1713 Hecubaequc
782 1629 905 1692 moveri.
1013 1631 1077 1692 570

62 1756 64 1805 i
115 1723 183 1790 Cura
198 1727 286 1789 deam
301 1727 428 1810 propior,
443 1728 598 1810 luctusque
614 1726 791 1789 domesticus
806 1726 887 1808 angit

114 1819 274 1888 Memnonis
288 1825 395 1901 amissi,
410 1824 549 1908 Phrygiis
565 1846 653 1908 quem
668 1825 749 1886 lutea
763 1824 876 1907 campis

115 1916 185 1984 Vidit
200 1922 340 1985 Achillei
354 1935 528 2005 pereuntem
543 1921 665 2004 cuspide
679 1934 785 1982 mater.

113 2013 204 2096 Vidit3
227 2033 258 2080 et
272 2020 321 2082 ille
335 2021 425 2097 color,
441 2042 500 2102 quo
517 2019 658 2081 matutina
673 2019 832 2080 rubescunt

111 2111 264 2200 Tempora,
280 2117 439 2199 palluerat:
463 2117 605 2200 latuitque
620 2116 649 2178 in
665 2116 790 2178 nubibus
806 2116 924 2178 aether..
1015 2117 1078 2178 575

145 2215 187 2276 At
201 2236 262 2276 non
278 2215 429 2297 impositos
442 2214 587 2297 supremis
602 2214 715 2295 ignibus
730 2229 808 2276 artus

110 2309 247 2374 Sustinuit
261 2325 395 2395 spectare
410 2333 533 2395 parens:
556 2304 608 2373 sed
622 2312 702 2373 crine
716 2311 822 2386 soluto,

108 2408 188 2474 Sicut
203 2425 277 2487 erat,
292 2411 391 2492 magni
405 2410 529 2491 genibus
543 2408 735 2492 procumbere
750 2429 809 2470 non
824 2420 868 2471 est

75 2498 77 2502 ¹
108 2505 274 2590 Dedignata
288 2507 382 2583 Jovis,
397 2506 593 2590 lacrymisque
608 2506 660 2568 has
675 2505 784 2567 addere
800 2527 906 2592 voces:

107 2605 270 2667 ‘Omnibus
284 2605 411 2681 inferior,
427 2625 499 2688 quas
513 2603 636 2665 sustinet
651 2625 756 2665 aureus
770 2604 871 2681 aether,
1016 2603 1080 2666 58⁰

108 2703 200 2788 (Nam
215 2704 287 2766 mihi
302 2717 370 2765 sunt
383 2716 477 2765 toturn
492 2701 634 2764 rarissima
649 2701 761 2783 templa
775 2723 829 2782 per
843 2698 960 2782 orbem)

105 2799 185 2863 Diva
199 2815 298 2863 tamen
315 2801 418 2863 venio:
442 2821 500 2861 non
515 2812 547 2861 ut
562 2798 693 2875 delubra,
709 2798 831 2880 diesque

105 2896 168 2960 Des
183 2899 254 2960 mihi
269 2899 425 2974 sacrificos,
439 2897 633 2979 caliturasque
648 2895 762 2976 ignibus
777 2915 850 2956 aras

104 2995 136 3058 Si
150 3011 251 3058 tamen
267 2995 421 3078 adspicias,
438 2994 579 3078 quantum
594 2993 646 3054 tibi
661 2992 781 3054 soemina
796 3003 947 3076 praestem,

104 3093 186 3155 Tum
200 3093 270 3155 clun
284 3093 351 3155 luce
366 3092 445 3154 novi
459 3092 552 3154 noctis
567 3090 692 3152 confinia
706 3111 802 3168 servo,
1017 3090 1080 3151 585

104 3190 231 3254 Praemia
244 3191 342 3253 danda
356 3204 453 3273 putes.
499 3187 560 3250 Sed
575 3209 634 3248 non
649 3208 685 3249 ea
699 3209 787 3264 cura3
809 3209 906 3272 neque
922 3186 970 3249 hic
985 3198 1031 3247 est

103 3287 194 3351 Nunc
209 3301 302 3350 status
319 3288 450 3363 Aurora,
465 3285 584 3348 meritos
599 3298 633 3346 ut
647 3299 749 3366 poscat
765 3285 901 3347 honores.

102 3384 276 3448 Memnonis
290 3386 362 3448 orba
376 3385 435 3447 mei
451 3384 554 3446 venio:
579 3382 628 3465 qui
643 3381 729 3444 sortia
743 3381 847 3444 frustrir

102 3482 166 3547 Pro
180 3497 286 3567 patruo
300 3483 366 3546 tulit
382 3505 462 3546 arma
476 3503 548 3557 suo;
571 3481 730 3564 primisque
745 3479 799 3540 sub
814 3477 896 3538 annis

367 3584 406 3644 12
