2356 4110
96 317 118 377 6
416 323 766 373 METAMORPHOSEON

96 474 242 557 Quasque
256 473 470 550 recondiderat,
486 473 655 557 Stygiisque
669 474 840 543 admoverat
853 477 974 553 umbris,

97 573 284 636 Effodiuntur
298 593 381 657 opes,
396 571 575 633 irritamenta
588 573 742 633 malorum.
1008 578 1069 636 140

95 671 223 755 Jamque
238 692 349 732 nocens
364 669 482 746 serrum,
497 669 630 752 ferroque
646 669 797 731 nocentius
813 691 916 732 aurum

97 769 286 833 Prodierant:
310 769 406 852 prodit
419 768 540 844 bellum,
557 768 635 851 quod
650 781 761 850 pugnat
776 781 918 851 utroque3

96 867 324 952 Sanguinedque
339 887 429 928 manu
442 866 616 949 crepitantia
630 866 761 927 concutit
776 887 865 927 arma.

99 965 215 1029 Vivitur
229 986 269 1027 ex
282 978 383 1050 rapto:
407 986 466 1025 non
481 964 588 1046 hospes
604 963 640 1024 ab
655 964 770 1046 hospite
786 976 876 1039 tutus,

96 1062 166 1128 Non
181 1086 265 1126 socer
280 1085 298 1127 a
311 1084 438 1145 genero:
461 1061 581 1124 fratrum
596 1084 714 1145 quoque
729 1061 821 1143 gratia
835 1083 899 1124 rara
913 1075 968 1122 est.
1009 1065 1070 1124 145

97 1162 233 1226 imminet
248 1161 340 1225 exitio
353 1161 399 1224 vir
412 1160 555 1245 conjugiS,
570 1161 619 1221 illa
636 1161 748 1221 mariti:

96 1260 208 1323 Lurida
221 1260 362 1322 terribiles
377 1258 502 1320 miscent
517 1258 632 1321 aconita
646 1279 797 1319 novercae:

99 1357 190 1421 Filius
205 1371 272 1419 ante
288 1357 367 1419 diem
381 1356 490 1439 patrios
499 1355 623 1466 inquirit
637 1355 666 1416 in
681 1377 783 1417 annos,

101 1455 209 1518 Victa
197 1468 278 1539 Jacet
291 1455 410 1517 Pietas:
434 1467 464 1515 et
478 1453 559 1535 virgo
573 1453 653 1515 caede
669 1455 834 1530 madentes,

98 1550 210 1616 Ultima
224 1552 391 1629 coelestum,
405 1566 495 1615 terras
510 1553 624 1614 Astraea
638 1551 828 1665 reliquit<

140 1632 228 1767 Ner}
242 1649 317 1713 foret
332 1651 414 1712 terris
429 1650 557 1713 securior
571 1650 679 1711 arduus
692 1620 828 1724 aether3

98 1747 265 1811 Affectasse
280 1747 376 1811 serunt
390 1769 513 1830 regnum
526 1748 648 1810 coeleste
664 1747 823 1829 Gigantas:

100 1847 228 1931 Altaque
242 1859 398 1929 congestos
412 1845 551 1908 struxisse
567 1845 603 1907 ad
619 1844 713 1907 sidera
730 1857 856 1906 montes.
945 1840 948 1846 ⁵

97 1943 179 2007 'Ilrm
194 1957 278 2027 pater
292 1945 477 2029 omnipotens
491 1945 580 2007 misso
594 1943 733 2028 perfregit
747 1943 914 2026 Olympum

98 2039 248 2119 Fulmine,
263 2056 294 2104 et
308 2043 438 2105 excussit
453 2042 587 2126 subjecto
602 2041 688 2103 Pelio
703 2041 821 2102 Ossam.
1011 2044 1072 2103 155

98 2139 214 2202 Obruta
226 2141 305 2202 mole
320 2139 376 2202 sud
388 2143 458 2202 crim
472 2161 595 2222 corpora
606 2138 667 2199 dira
678 2138 831 2220 jacerent;

98 2237 253 2300 Perfusam
267 2237 361 2299 multo
375 2250 510 2298 natorum
525 2234 805 2317 sanguineTerram

98 2334 257 2398 Incaluisse
272 2333 379 2411 serunt,
394 2332 580 2417 calidumque
597 2331 741 2395 animdsse
756 2353 911 2395 cruorem:

99 2430 151 2510 Et,
166 2454 204 2495 ne
218 2432 299 2494 nulla
312 2430 379 2494 ferae
394 2431 489 2515 stirpis
504 2444 695 2493 monumenta
708 2444 871 2507 manerent,

98 2528 133 2593 Iu
145 2529 250 2593 saciem
265 2529 386 2592 vertisse
401 2530 564 2591 hominum.
609 2528 669 2591 Sed
685 2541 715 2590 et
731 2529 780 2590 illa
793 2550 924 2612 propago

99 2626 311 2711 Contemptrix
321 2627 462 2710 superirm
476 2647 618 2709 saevaequc
634 2625 800 2688 avidissima
813 2627 912 2703 cadis,

100 2724 142 2789 Et
156 2725 286 2789 violenta
300 2723 370 2787 suit:
393 2725 482 2787 scires
498 2746 515 2787 e
530 2725 672 2806 sanguine
687 2737 781 2787 natos.

334 2978 465 3049 ¹IrYGAON
487 2980 523 3021 m
544 2979 655 3022 LUPUH
674 2978 835 3020 morawa.

547 3184 555 3201 .
577 3142 647 3204 163.

144 3314 222 3390 Quae
237 3327 322 3398 pater
335 3326 368 3376 ut
383 3311 500 3375 summit
513 3311 586 3375 vidit
600 3311 753 3375 Saturnius
768 3329 845 3386 arce,

104 3413 244 3497 Ingemit:
268 3426 308 3490 et,
324 3411 401 3474 sacto
416 3411 547 3474 nondum
561 3411 680 3492 vulgata
696 3407 819 3486 recenti,

102 3511 200 3577 Foeda
213 3511 373 3594 Lycaonia
387 3509 517 3574 referens
531 3509 667 3573 convivia
681 3527 799 3582 mense,
