2370 4110
481 299 589 347 LIBER
612 299 646 348 11.

70 448 242 536 (Presserat
255 470 306 511 ora
321 446 437 533 repon)
455 456 564 510 ‘tostos
578 471 616 510 en
632 449 751 533 adspice
765 451 870 527 crines,

69 549 164 631 lnque
179 547 273 609 oculis
288 560 411 622 tantum,
425 559 539 608 tantum
553 568 643 628 super
656 568 707 608 ora
721 547 835 609 savillae.

70 645 176 707 Hosne
191 645 263 706 milri
279 643 399 719 fructus,
414 644 493 705 lrunc
509 643 661 706 fertilitatis
677 645 818 707 honorem

70 742 231 825 Officiique
246 739 354 815 resers3
378 740 456 824 qudd
473 741 579 802 adunci
594 742 715 804 vulnera
730 744 826 819 aratri,
983 748 1046 810 285

71 839 307 921 Rastrorumque
322 836 394 914 ser0,
409 851 531 920 totoque
546 860 689 901 exerceor
701 843 801 903 anno?

71 935 165 1009 Qudd
183 935 282 1018 pecori
296 934 423 1010 frondes,
439 935 636 1017 alimentaque
651 937 743 1013 mitia,
758 936 865 1019 fruges,

72 1033 213 1095 Humano
226 1033 337 1114 generi,
351 1032 431 1093 vobis
446 1031 525 1114 qudd
540 1034 624 1094 thura
638 1033 790 1096 ministro?

72 1131 133 1192 Sed
148 1144 248 1192 tamen
264 1130 387 1191 exitium
402 1128 448 1191 lac
463 1151 511 1191 me
527 1131 684 1192 memisse:
708 1132 778 1214 quid
792 1132 888 1209 uude,

72 1225 156 1299 Quid
171 1227 277 1288 meruit
292 1226 398 1288 frater?
387 1225 507 1289 tcur
521 1228 561 1288 illi
576 1229 680 1290 tradita
695 1243 772 1290 sorte
909 1282 912 1287 .
982 1234 1046 1295 290

72 1324 206 1408 liquore
221 1325 404 1400 decresctmt,
420 1337 451 1386 et
466 1324 502 1385 ab
517 1325 625 1387 :ethere
639 1326 753 1408 longiis
768 1327 904 1390 absunt?

72 1421 204 1495 Qudd
181 1445 206 1485 sr
220 1444 276 1484 uec
292 1420 394 1498 fratris,
409 1443 465 1483 nec
480 1435 510 1483 te
525 1443 593 1484 mea
606 1424 697 1505 gratia
712 1424 822 1505 tangit;
929 1434 933 1439 “

72 1520 115 1581 At
130 1520 201 1582 coeli
215 1520 353 1581 miserere
367 1519 420 1581 tui
465 1518 671 1603 Circumspice
684 1535 860 1605 utrumque;

72 1616 183 1679 Fumat
197 1630 321 1700 uterque
335 1617 437 1699 polus:
462 1638 534 1700 quos
548 1616 573 1678 si
587 1617 732 1680 vitiaverit
746 1619 832 1700 ignis,

73 1714 158 1778 Atria
173 1728 268 1776 vestra
282 1727 378 1776 ruent.
423 1714 509 1776 Atlas
523 1735 561 1776 en
576 1714 638 1797 ipse
653 1715 781 1778 laborat:
981 1720 1044 1782 29⁵

74 1810 196 1896 Vixque
210 1812 269 1874 suis
283 1811 411 1873 humeris
425 1812 600 1873 candentem
615 1814 738 1875 sustinet
751 1836 850 1875 axem.

72 1908 105 1970 Si
119 1908 204 1986 freta,
219 1910 243 1971 si
258 1922 340 1971 terrae
355 1922 490 1991 pereunt,
505 1909 529 1970 si
545 1910 626 1990 regia
639 1910 725 1986 coeli;

71 2005 106 2067 ln
121 2007 212 2068 chaos
227 2006 378 2089 antiquum
392 2005 608 2068 confundimur.
652 2006 744 2089 Eripe
759 2007 895 2085 flammis,

72 2103 104 2165 Si
120 2103 190 2187 quid
205 2103 302 2166 adhuc
316 2117 466 2186 superest:
489 2117 520 2166 et
534 2126 631 2166 rerum
645 2106 765 2167 consule
780 2106 924 2170 summe!

72 2199 198 2263 Dixerat
213 2201 276 2262 hac
290 2199 413 2262 Tellus:
437 2222 534 2284 neque
550 2202 628 2264 enim
644 2203 767 2267 tolerare
784 2224 924 2288 vaporem
980 2207 1045 2269 300

72 2296 203 2360 Ulterius
217 2298 322 2410 potuit,
337 2319 393 2360 nec
408 2299 506 2360 dicere
522 2300 622 2381 plura:
645 2322 789 2383 suumque

71 2395 188 2459 Retulit
202 2418 234 2459 os
249 2396 277 2458 in
292 2418 335 2473 se,
350 2397 545 2480 propioraque
559 2398 693 2459 manibus
708 2413 800 2460 antra.

113 2494 157 2555 At
171 2507 255 2577 pater
269 2496 463 2605 omnipotens·
470 2516 591 2577 superos
606 2509 737 2573 testatus,
753 2510 784 2559 et
797 2464 907 2580 ipsunt,

71 2590 135 2663 Qui
149 2591 270 2653 dederat
284 2613 395 2668 curma,
410 2592 464 2654 nisi
479 2615 568 2675 opem
583 2592 665 2671 serat,
681 2596 779 2657 omnia
792 2594 863 2659 sato

71 2688 226 2750 lnteritura
240 2689 341 2769 gravi3
363 2711 509 2751 summam
524 2691 598 2773 petit
613 2691 719 2753 arduus
734 2712 851 2770 amem3
981 2696 1045 2757 305

71 2784 160 2846 Unde
176 2785 250 2846 solet
265 2786 330 2847 latis
344 2787 438 2848 nubes
453 2787 592 2849 inducere
607 2788 702 2850 terris:

71 2881 160 2944 Unde
175 2895 276 2944 movet
291 2883 423 2991 tonitrus,
439 2884 609 2968 vibrataque
624 2882 768 2946 fulmina
755 2898 858 2968 Jactat.
837 2929 913 3015 ‘lq

71 2978 133 3040 Sed
148 3001 257 3062 neque,
274 2958 346 3064 qtias
361 2993 461 3064 posset
475 2982 557 3044 terris
572 2981 723 3059 inducere,
737 2962 913 3063 nubes?

70 3076 161 3140 Tunc
176 3078 295 3140 habuit:
318 3100 386 3155 nec,
402 3099 475 3161 quos
490 3080 567 3142 coelo
584 3079 753 3156 dimitteret,
768 3079 887 3144 imbres.

70 3174 204 3237 Intonat:
227 3189 258 3238 et
273 3176 380 3239 dextri:
392 3176 529 3240 libratum
546 3176 656 3239 srdmen
672 3178 709 3240 ab
723 3199 793 3241 aure
981 3181 1045 3247 310

69 3272 153 3335 Misit
167 3274 197 3334 in
213 3274 361 3357 aurigam:
385 3276 552 3359 pariterque
567 3276 724 3360 animique
738 3276 867 3361 rotisque

68 3370 254 3461 Expulitqpt
268 3372 352 3435 sevis
366 3373 548 3456 compescuit
563 3373 677 3455 ignibus
695 3374 787 3456 ignes.

46 3468 305 3585 foederantur
317 3470 404 3554 equi:
429 3484 459 3532 et
473 3471 548 3534 saltu
563 3471 592 3533 in
606 3472 748 3534 contraria
762 3470 840 3535 sacto
866 3542 869 3549 ,

157 3776 190 3807 'u
