2356 4110
100 323 162 384 172
535 328 645 378 FASTI.

140 482 281 564 Surgunt.
326 480 377 543 Ex
391 480 447 542 illis
462 480 553 542 altera
568 478 662 563 major
676 492 753 542 erat:

97 580 139 644 Et
153 580 290 662 gravibus
305 579 392 641 ramis
407 591 502 640 totum
518 590 688 661 protexerat
706 577 822 654 orbem,

140 676 374 760 Contigeratque
388 674 467 738 novd
482 676 576 738 sidera
591 674 820 738 summa'comd.

97 775 179 840 Ecce
194 797 280 838 meus
294 775 404 837 sermm
419 786 540 858 patruus
555 773 674 835 molitur
688 772 718 834 in
733 772 810 835 illas.

139 873 269 936 Terreor
283 873 446 949 admonitu,
461 892 570 955 corque
586 871 690 932 timore
704 870 806 939 micat.

96 970 205 1034 Martia
219 969 311 1034 Picus
326 972 388 1033 avis
403 970 522 1053 gemino
536 990 590 1052 pro
605 968 704 1050 stipite
720 981 866 1051 pugnant,

139 1069 181 1132 Et
196 1069 304 1153 Lupa:
328 1083 391 1131 tuta
405 1089 460 1152 per
473 1068 527 1129 hos
542 1080 665 1149 utraque
681 1066 780 1149 palma
794 1065 872 1130 mit!

97 1167 242 1231 Dixerat:
266 1180 297 1229 et
312 1167 432 1250 plenam
446 1187 504 1227 non
520 1164 609 1226 firmis
625 1163 734 1225 viribus
750 1186 854 1226 urnam

27 1324 33 1334 ,
141 1265 275 1327 Sustulit.
320 1263 474 1346 Impldrat,
490 1262 561 1325 dum
576 1283 630 1323 sua
645 1262 708 1324 visa
720 1261 820 1324 refert.

97 1361 215 1424 Interea
228 1374 381 1423 crescente
397 1359 509 1435 Remo,
524 1373 678 1422 crescente
694 1357 833 1436 Quirino,
1037 1359 1071 1421 35

140 1458 278 1520 Pondere
293 1457 408 1519 coelesti
422 1456 514 1519 Silvia
528 1470 623 1519 mater
637 1471 709 1519 erat.

98 1554 173 1618 Haec
188 1556 238 1617 ubi
253 1556 391 1638 cognovit
406 1568 595 1639 contemptor
609 1554 749 1617 Amulius
764 1554 851 1639 aequi,

143 1652 189 1741 (N
191 1677 237 1716 am
253 1667 350 1738 raptas
363 1654 442 1716 sratri
458 1655 551 1716 victor
565 1653 694 1715 habebat
707 1651 798 1737 opes)

98 1751 217 1816 Auferri
228 1751 315 1836 jussit
330 1773 447 1835 parvos,
463 1752 537 1814 etin
553 1772 640 1813 amne
656 1751 766 1813 necari.

142 1848 226 1924 Quid
241 1850 333 1913 sacis?
357 1849 473 1912 existis
488 1848 637 1911 Romulus
653 1849 726 1910 alter
741 1849 807 1911 erit.

98 1947 187 2010 Jussa
199 1961 370 2011 recusantes
386 1959 529 2031 peragunt
543 1947 709 2029 lacrymosa
724 1946 865 2009 ministri:

142 2045 233 2108 Flent
248 2060 360 2122 tamen,
376 2061 407 2107 et
421 2045 554 2127 geminos
570 2045 600 2106 in
614 2045 680 2107 loca
691 2043 774 2128 jussa
788 2044 897 2107 ferunt.

99 2143 221 2219 Albula,
238 2164 328 2225 quem
341 2141 465 2205 Tiberin
481 2164 594 2204 mersus
609 2141 769 2204 Tiberinus
783 2143 813 2204 in
828 2140 910 2205 undir

142 2240 306 2318 Reddidit;
329 2241 457 2302 hibernis
472 2239 546 2302 forte
562 2240 695 2302 tumebat
710 2241 804 2324 aquis.

100 2337 171 2401 Huc
185 2339 237 2400 ubi
252 2351 409 2415 venerunt,
425 2358 482 2399 nec
493 2335 557 2422 jam
572 2337 734 2420 procedere
750 2350 873 2420 possunt
1039 2338 1079 2399 45

142 2435 276 2518 Longius
289 2457 297 2513 ;
322 2457 362 2498 ex
377 2436 434 2498 illis
449 2457 536 2512 unuS,
553 2457 588 2497 an
604 2436 688 2510 alter,
704 2435 763 2497 ait:

100 2534 162 2595 ‘At
177 2534 267 2617 quam
282 2546 350 2594 sunt
364 2533 493 2595 similes!
518 2545 548 2594 at
563 2534 652 2617 quam
667 2532 811 2595 sonnosus
825 2531 970 2617 uterque!

143 2630 216 2692 Plus
231 2645 331 2692 temen
346 2651 384 2692 ex
401 2631 456 2692 illis
470 2631 525 2692 iste
541 2631 647 2712 vigoris
663 2631 764 2693 habet.

100 2729 131 2792 Si
148 2750 241 2812 genus
257 2729 386 2812 arguitur
401 2730 501 2805 vultu3
527 2726 572 2814 (ni
587 2727 658 2791 sallit
674 2727 786 2815 imago)

143 2825 255 2890 Nescio
271 2849 361 2912 quem
377 2827 459 2890 vobis
474 2827 607 2910 suspicor
621 2820 686 2888 esse
702 2827 802 2889 deum.

100 2931 145 2993 At
159 2934 183 2992 si
199 2934 264 3014 quis
281 2947 383 2995 vestrae
399 2931 472 2994 deus
488 2943 567 2993 esset
581 2930 699 3011 originis
714 2943 835 3006 auctor;

144 3027 179 3090 In
194 3042 255 3090 tam
270 3029 413 3112 precipiti
427 3042 562 3112 tempore
577 3028 665 3091 serret
679 3048 780 3110 opem.

101 3125 207 3190 Ferret
221 3146 311 3208 opem
326 3126 418 3201 certe,
434 3126 531 3187 sinon
546 3147 604 3208 ope
619 3140 715 3188 mater
728 3138 847 3206 egerett

145 3222 224 3296 Quae
238 3223 316 3285 facta
329 3236 375 3284 est
389 3243 450 3282 uno
463 3236 558 3284 mater
573 3236 602 3284 et
617 3224 691 3285 orba
705 3223 764 3284 die.

101 3320 181 3384 Nata
195 3320 292 3397 simul,
308 3320 435 3403 peritura
450 3319 547 3395 simul,
562 3321 648 3382 simul
664 3322 704 3383 ite
718 3323 772 3382 sub
787 3320 882 3383 undas
925 3318 928 3323 ’
1042 3320 1083 3382 55

145 3418 302 3501 Corpora!
348 3416 505 3492 Desierat;
528 3417 724 3502 deposuitque
739 3419 815 3480 sinu.

103 3513 267 3597 Vagiemnt
281 3517 410 3579 clamore
424 3516 504 3599 pari:
528 3516 635 3578 sentire
650 3530 781 3599 putares.
