2356 4110
161 340 224 400 120
469 341 815 395 METAMORPHOSEON

157 497 332 562 Dummodo
345 496 425 581 qubd
440 495 541 558 fratres
555 493 703 556 Telamon
718 492 892 576 Peleusque
906 491 1030 570 lirerunt,

158 597 260 681 Ajacis
274 596 410 658 meritum
426 615 485 655 non
500 593 554 654 sit:
580 613 636 654 nec
651 591 800 672 sanguinis
814 590 898 667 ordo,

157 695 220 756 Sed
235 693 348 756 virtutis
362 693 456 754 honos
471 690 571 773 spoliis
587 702 732 772 quaeratur
746 689 776 751 in
791 688 864 750 istis.

157 792 222 853 Ant
236 790 260 852 si
275 790 448 873 proximitas
463 788 632 871 primusque
647 785 803 869 requiritur
816 786 929 863 haeres3

158 886 213 951 Est
229 888 344 970 genitor
356 886 479 960 Peleus,
494 883 777 966 esthrrhusfilius
792 882 844 944 illi.
1067 877 1111 942 155

158 984 237 1058 Quis
250 987 335 1048 locus
349 984 458 1069 Ajaci?
479 982 622 1044 Phthiam
637 980 793 1062 Scyronve
807 979 949 1042 ferantur.

158 1080 226 1145 Nec
240 1082 338 1149 minirs
352 1096 398 1144 est
411 1082 468 1143 isto
482 1079 602 1141 Teucer
616 1078 754 1161 patnrelis
769 1077 892 1138 Achilli.

158 1178 241 1243 Num
258 1181 331 1264 petit
345 1180 394 1241 ille
409 1180 530 1241 tamen?
552 1198 624 1237 num
638 1189 747 1258 sperat,
762 1189 796 1236 ut
810 1174 924 1238 auferat
938 1177 1039 1238 arma?

202 1277 284 1358 Ergo
298 1297 423 1358 operum
439 1274 577 1356 quoniam
592 1273 705 1334 nudum
719 1285 870 1334 certamen
886 1273 1030 1351 habetur;

158 1373 250 1435 Plura
264 1372 383 1456 quidem
398 1370 464 1446 leci,
480 1372 568 1454 quam
584 1392 649 1453 qnae
664 1369 878 1453 comprendere
893 1371 980 1434 dictis
1073 1369 1119 1432 16⁰

159 1469 193 1531 ln
209 1483 346 1552 promptu
362 1467 433 1529 mihi
447 1468 500 1529 sit:
523 1489 621 1528 rerum
635 1481 736 1528 tamen
751 1467 854 1530 ordine
869 1467 972 1530 ducar.

158 1565 286 1628 Praescia
301 1564 416 1627 venturi
431 1565 557 1646 genitrix
572 1563 684 1626 Nereia
697 1565 750 1626 leti

160 1662 333 1725 Dissimulat
346 1663 428 1724 cultu
443 1675 555 1723 natum.
601 1660 773 1744 Deceperat
787 1682 902 1739 omnes,

159 1759 194 1822 ln
210 1759 315 1844 quibus
331 1759 468 1843 Ajacem,
482 1772 606 1840 sumpta
618 1758 733 1821 fallacia
748 1758 848 1820 vestis.

160 1857 254 1919 Arma
269 1878 326 1940 ego
340 1856 496 1932 soemineis,
512 1857 641 1917 animum
656 1870 772 1918 motura
786 1855 910 1933 virilem,
1074 1856 1129 1921 165

159 1953 311 2016 Mercibus
325 1954 442 2016 inserui.
487 1952 596 2037 Neque
611 1953 709 2015 adhuc
724 1952 888 2036 projecerat
903 1953 991 2016 heros

161 2051 317 2132 Virgineos
331 2051 459 2127 habitus,
473 2052 542 2113 crim
555 2072 687 2132 parmam
702 2050 876 2134 hastamque
890 2053 1016 2130 tenenti,

160 2154 180 2183 “
190 2147 269 2209 Nate
285 2148 373 2223 deri,'’
390 2149 461 2223 dixi,
477 2154 497 2184 “
506 2148 558 2208 tibi
572 2167 605 2208 se
621 2149 750 2230 peritura
763 2162 915 2211 reservant

160 2243 317 2325 Pergama.
363 2242 448 2315 Quid
463 2243 578 2305 dubitas
593 2246 742 2326 ingentem
758 2260 892 2307 evertere
906 2245 1031 2333 Trojam
1041 2246 1074 2310 i’'

159 2340 313 2424 lnjecique
329 2361 460 2417 manum,
477 2341 643 2426 sortemque
659 2342 696 2403 ad
710 2342 795 2404 fortia
808 2343 885 2405 misi.
1077 2347 1136 2408 170

160 2437 243 2519 Ergo
257 2458 348 2520 opera
363 2437 438 2498 illius
453 2460 520 2500 mee
534 2454 612 2500 sunt.
657 2439 725 2521 Ego
739 2439 898 2523 Telephon
914 2441 1002 2504 hasta

160 2533 348 2614 Pugnantem
366 2534 485 2596 domui:
508 2536 618 2597 victum
634 2549 826 2620 orantemque
840 2537 942 2600 refeci.

203 2630 298 2703 Quod
312 2629 427 2692 Thebae
441 2632 589 2708 cecidere,
604 2655 705 2694 meum
720 2648 783 2710 est3
813 2655 863 2696 me
877 2635 990 2698 credite
1003 2633 1136 2713 Lesbon,

159 2726 214 2790 Me
229 2729 388 2805 Tenedon,
403 2727 614 2812 Chrysenque,
629 2744 660 2791 et
674 2729 796 2813 Cyllan,
813 2731 960 2814 Apollinis
973 2733 1074 2812 urbes,

160 2825 203 2888 Et
218 2826 315 2910 Syron
330 2827 462 2909 cepisse:
485 2826 555 2889 meri
568 2849 711 2889 concussa
726 2842 827 2910 putate
1078 2833 1138 2894 175

160 2921 357 2984 Procubuisse
372 2925 435 2985 solo
449 2924 596 3007 Lyrnesia
609 2926 719 2988 moenia
734 2925 849 2988 dextri.

160 3016 262 3099 thue
277 3019 347 3079 alias
361 3033 496 3096 taceam3
519 3024 569 3103 qui
583 3044 692 3084 saevum
709 3023 832 3105 perdere
848 3037 949 3106 posset

160 3112 301 3188 Hectora,
315 3134 424 3194 nempe
438 3115 524 3177 dedi:
547 3139 601 3198 per
615 3141 663 3180 me
674 3119 755 3202 jacet
769 3120 898 3202 inclytus
912 3119 1041 3184 Hector.

160 3209 220 3273 Illis
235 3211 297 3272 haec
312 3209 409 3284 armis,
425 3210 529 3291 quibus
544 3227 589 3275 est
604 3216 740 3278 inventus
755 3217 901 3295 Achilles,

162 3309 254 3369 Arma
269 3320 356 3389 peto:
381 3305 450 3366 vivo
465 3307 615 3385 dederam,
630 3327 697 3392 post
712 3313 772 3375 fata
785 3336 918 3397 reposco.
1079 3319 1143 3382 180

202 3403 248 3466 Ut
263 3404 346 3464 dolor
359 3403 445 3463 unius
459 3401 581 3466 Danaos
596 3411 730 3487 pervenit
745 3412 783 3472 ad
796 3433 912 3489 omnes,

162 3500 332 3580 Aulidaque
348 3496 515 3562 Euboicam
530 3504 717 3584 complerunt
732 3508 812 3570 mille
825 3509 950 3587 carium

297 3836 504 3871 Δι’
