2356 4110
456 337 563 387 LIBER
586 339 632 388 ΧΙ.
964 334 1024 395 107

68 484 132 551 Huic
145 509 217 552 cum
233 486 401 571 pignoribus
417 487 533 564 domus,
548 501 578 550 et
593 488 671 572 quod
686 489 794 573 cuique
808 489 943 552 relictum
957 503 1013 552 est.

65 583 209 671 Halcyone
224 584 332 668 Ceyca
345 599 462 649 movet:
486 585 599 669 C'e'ycis
614 587 643 648 in
654 608 704 648 ore
964 589 1021 651 181

63 681 140 747 Nulla
154 684 212 747 nisi
226 681 384 767 Halcyone
400 696 461 746 est:
485 697 525 760 et,
539 684 609 746 cium
624 683 769 746 desideret
784 706 884 761 unam,

61 781 170 846 Gaudet
185 782 289 845 abesse
304 795 414 844 tamen.
460 781 565 844 Patriae
582 803 698 865 quoque
713 782 802 844 vellet
818 781 854 844 ad
873 803 938 845 oras

59 877 226 963 Respicere,
241 879 330 963 inque
346 879 466 941 domum
481 900 633 961 supremos
649 892 762 940 vertere
779 879 885 941 vultuS.

60 975 165 1039 Verium
180 977 231 1040 ubi
246 977 282 1040 sit
296 977 399 1040 nescit.
444 975 545 1038 Tanti
560 976 702 1057 vertigine
718 989 825 1058 pontus
964 977 1023 1039 185

57 1070 179 1136 Fervet:
204 1087 234 1137 et
248 1073 369 1137 inducti
382 1073 473 1156 piceis
488 1094 505 1134 e
520 1073 646 1135 nubibus
664 1071 770 1134 umbri

57 1170 149 1234 Omne
164 1172 238 1234 latet
252 1172 378 1234 coelum:
402 1171 607 1253 duplicataque
622 1169 715 1231 noctis
729 1170 826 1251 imago
840 1181 895 1231 est.

91 1268 252 1350 Frangitur
265 1269 382 1331 incursu
396 1267 521 1330 nimbosi
537 1266 657 1328 turbinis
672 1266 773 1328 arbos:

57 1361 209 1446 Frangitur
222 1379 253 1427 et
266 1365 411 1447 regimen:
434 1364 591 1448 spoliisque
607 1364 736 1426 animosa
750 1376 918 1446 superstans

57 1459 151 1538 Unda,
167 1463 250 1525 velut
265 1462 379 1538 victrix,
394 1462 521 1524 sinuatae
536 1461 661 1542 despicit
675 1460 778 1522 undas.
964 1461 1025 1524 190

57 1556 116 1622 Nec
131 1559 238 1635 levitis,
254 1559 341 1642 quam
356 1559 381 1621 si
396 1559 460 1642 quis
475 1558 589 1634 Athon,
603 1557 783 1633 Pindumve,
797 1558 929 1619 revulsos

58 1655 130 1718 Sede
144 1656 210 1733 suit,
224 1669 300 1719 totos
314 1655 344 1718 in
359 1669 494 1739 apertum
509 1655 644 1717 everterit
659 1677 767 1739 aequor,

58 1751 238 1836 Praecipitata
252 1753 325 1816 ruit:
348 1753 514 1836 pariterque
530 1766 560 1814 et
575 1752 705 1835 pondere
721 1766 752 1814 et
766 1752 825 1814 ictu

58 1848 160 1933 Mergit
174 1851 206 1913 in
220 1851 279 1914 ima
291 1863 401 1912 ratem:
424 1872 493 1912 cum
507 1849 565 1933 quai
579 1871 646 1933 pars
661 1870 768 1930 magna
782 1849 909 1910 virorum

59 1945 175 2030 Gurgite
190 1969 291 2031 pressa
305 1947 396 2030 gravi,
408 1968 505 2031 neque
520 1947 548 2008 in
563 1950 633 2009 ae'ra
646 1945 772 2022 reddita,
788 1943 848 2006 lato
965 1945 1024 2007 195

59 2042 168 2108 Functa
182 2068 236 2108 suo
251 2059 305 2108 est.
350 2045 412 2107 Alii
426 2059 523 2128 partes
538 2058 569 2107 et
584 2044 716 2106 membra
730 2042 834 2105 carinae

59 2140 171 2206 Trunca
185 2156 298 2205 tenent.
342 2141 442 2204 Tenet
456 2142 520 2224 ipse
534 2164 634 2218 manu,
650 2140 709 2224 quit
722 2153 839 2223 sceptra
853 2140 976 2219 solebat,

59 2236 210 2322 Fragmina
224 2240 331 2322 navigii
345 2239 448 2322 Ceyx,
463 2260 656 2322 socerumque
673 2253 845 2322 patremque
915 2294 918 2299 .

59 2335 172 2400 Invocat
190 2335 265 2423 (beu
275 2336 299 2423 l)
315 2336 429 2398 frustr'a.
474 2336 535 2398 Sed
551 2336 675 2419 plurima
689 2336 783 2398 nantis
798 2337 827 2398 in
846 2356 896 2398 ore

58 2433 208 2518 Halcyone
223 2434 344 2519 conjux.
388 2433 473 2497 Illam
487 2434 678 2516 meminitque
693 2433 858 2517 refertque:
962 2431 1025 2492 200

57 2529 131 2594 Illius
147 2544 215 2593 ante
231 2533 332 2594 oculos
346 2543 380 2593 ut
393 2545 480 2614 agant
495 2553 548 2593 sua
561 2552 685 2613 corpora
700 2532 817 2608 fluctus,

56 2627 163 2711 Optat;
187 2643 218 2691 et
232 2629 375 2691 exanimis
390 2629 523 2691 manibus
537 2629 698 2691 tumuletur
712 2629 823 2691 amicis.

55 2724 133 2789 Dum
149 2739 249 2802 natat3
271 2726 433 2802 absentem,
449 2727 562 2810 quoties
576 2726 644 2788 sinit
658 2727 771 2787 hiscere
787 2724 904 2801 fluctus,

53 2823 194 2886 Nominat
209 2822 396 2906 Halcyonen,
411 2823 539 2906 ipsisque
555 2824 755 2885 immurmurat
769 2820 865 2883 undis.

53 2920 134 2984 Ecce
150 2941 240 3004 super
254 2921 366 2984 medios
380 2920 487 2983 fluctus
501 2921 584 3004 niger
598 2941 682 2982 arcus
693 2939 834 3001 aquarum
962 2920 1025 2983 205

52 3020 226 3102 Frangitur:
250 3033 280 3082 et
294 3020 382 3104 rupti
395 3041 524 3082 mersum
538 3034 628 3104 caput
642 3018 737 3082 obruit
751 3019 842 3082 undai.

51 3118 174 3181 Lucifer
188 3118 340 3195 obscurus,
354 3139 409 3182 nec
425 3139 514 3202 quem
528 3139 705 3200 cognoscere
722 3140 833 3202 posses,

50 3217 107 3279 Illi
121 3230 210 3279 nocte
225 3215 296 3279 fuit:
320 3217 516 3300 quoniamque
532 3216 678 3278 excedere
694 3215 828 3302 Olympo

51 3312 123 3376 Non
138 3314 230 3394 licuit,
246 3314 343 3376 densis
358 3313 433 3375 texit
448 3334 501 3374 sua
514 3313 638 3375 nubibus
653 3335 714 3376 ora.

95 3412 192 3474 AEolis
207 3412 319 3474 interea
332 3424 479 3474 tantorum
493 3411 592 3492 ignara
609 3412 752 3474 malorum
964 3410 1028 3472 210

51 3509 233 3572 Dinumeret
246 3524 367 3572 noctes:
391 3521 421 3570 et
431 3507 504 3592 jam,
521 3527 592 3590 quas
606 3508 707 3570 induat
722 3508 770 3570 ille
