2356 4110
464 322 572 372 LIBER
588 324 620 371 V.

68 468 116 532 Cui
130 472 247 554 triplicis
261 471 353 534 cessit
368 468 484 534 fortuna
496 472 653 535 novissima
667 474 759 556 regni.

66 567 106 630 Tu
119 591 249 653 superos,
264 570 424 653 ipsumque
439 567 558 646 Jovem,
573 583 604 632 tu
620 571 740 634 numina
756 573 839 656 ponti

64 666 143 730 Victa
156 669 271 744 domas,
285 668 455 750 ipsumque,
469 668 543 749 regit
559 668 608 751 qui
623 669 743 731 numina
757 671 850 752 ponti.

62 765 175 828 Tartara
191 766 261 851 quid
274 767 415 828 cessant?
436 787 489 828 cur
503 787 561 828 noo
577 767 735 850 matrisque
750 780 893 853 tuumque

60 865 213 949 Imperium
228 864 363 949 profers?
385 866 480 947 agitur
493 887 560 949 pars
574 866 659 928 tertia
674 867 786 929 mundi.
947 913 948 918 η
965 872 1030 936 210

60 963 95 1026 Et
109 978 208 1027 tamen
223 965 254 1026 in
269 964 358 1041 coelo,
374 986 438 1047 quae
448 962 511 1048 jam
526 965 667 1046 patientia
681 978 779 1027 nostra
793 979 848 1043 est,

59 1061 242 1145 Spemimur:
267 1083 302 1124 ac
316 1083 436 1124 mecum
451 1062 528 1123 vires
542 1062 713 1124 minuuntur
728 1062 856 1126 Amoris.

58 1158 175 1222 Pallada
189 1180 289 1222 nonne
306 1159 398 1236 vides,
409 1159 671 1243 jaculatricemque
686 1159 827 1238 Dianam,

58 1259 241 1320 Abscessisse
257 1258 350 1319 milri?
373 1256 492 1321 Cereris
508 1279 626 1340 quoque
641 1258 699 1320 filia
714 1258 806 1341 virg0,

58 1355 86 1417 Si
99 1357 255 1439 patiemur,
271 1356 342 1418 erit:
366 1377 435 1417 nam
449 1377 519 1439 spes
534 1356 652 1418 affectat
666 1358 795 1420 easdem.
965 1361 1028 1422 215

58 1453 97 1514 At
109 1467 151 1531 tu,
166 1476 221 1537 pro
236 1453 318 1515 socio
332 1453 355 1515 si
371 1474 430 1537 qua
444 1466 490 1515 est
504 1474 571 1514 mea
586 1455 678 1534 gratia
691 1475 793 1536 regn0,

58 1549 149 1633 lunge
164 1552 253 1614 deam
267 1551 394 1635 patruo!
439 1550 528 1614 Dixit
543 1549 658 1613 Venus
702 1551 757 1614 llle
776 1552 942 1636 pharetram

59 1646 163 1710 Solvit:
188 1661 218 1711 et
234 1649 352 1711 arbitrio
366 1649 466 1711 matris
481 1649 518 1709 de
533 1648 613 1710 mille
627 1648 739 1730 sagittis

60 1742 152 1807 Unam
165 1746 307 1829 seposuit,
322 1746 374 1808 sed
389 1746 449 1830 qua
463 1766 518 1807 nec
534 1747 646 1808 acutior
659 1747 728 1822 ulla,

61 1840 122 1904 Nec
133 1845 229 1906 mimis
244 1844 355 1906 incerta
369 1857 423 1920 est,
437 1865 494 1906 nec
509 1865 572 1927 quae
588 1843 681 1925 magis
696 1843 796 1905 audiat
809 1863 920 1904 mcum.
964 1845 1028 1906 220

62 1937 259 2025 Oppositoque
273 1962 352 2024 genu
366 1940 499 2003 curvavit
514 1941 615 2002 flexile
631 1961 739 2001 comu:

64 2034 146 2121 loque
160 2061 211 2101 cor
225 2038 347 2101 hamati
361 2038 505 2122 percussit
520 2037 662 2100 arundine
677 2036 791 2099 Ditem.

101 2135 184 2198 Haud
200 2138 303 2220 procul
319 2135 461 2199 Hennaeis
474 2137 556 2198 lacus
571 2149 615 2197 est
631 2158 648 2196 a
662 2135 808 2198 moenibus
824 2135 899 2213 alte,

67 2230 181 2296 Nomine
196 2234 322 2317 Pergus,
337 2256 430 2318 aqua.
475 2232 546 2296 Non
561 2234 611 2296 illo
626 2234 709 2316 plura
724 2232 868 2316 Caystros

67 2327 193 2394 Carmina
208 2354 373 2415 cygnorum
387 2332 552 2394 labentibus
567 2331 648 2392 audit
662 2330 693 2391 in
707 2330 803 2392 undis.
963 2333 1026 2394 225

66 2425 135 2490 Silva
147 2443 267 2492 coronat
282 2451 384 2513 aquas,
398 2429 519 2510 cingens
533 2428 609 2490 latus
623 2448 711 2490 omne
724 2448 732 2503 ;
754 2427 872 2511 suisque

66 2521 229 2604 Frondibus,
244 2540 277 2589 ut
292 2527 372 2604 velo,
387 2526 539 2589 Phoebeos
553 2526 709 2588 submovet
723 2525 808 2589 ictus.

65 2618 175 2706 Frigora
189 2624 259 2686 dant
273 2624 358 2701 rami,
373 2622 483 2707 Tyrios
498 2624 605 2685 humus
620 2623 741 2684 humida
756 2623 854 2685 flores.

64 2717 236 2804 Perpetuam
251 2743 304 2784 ver
318 2735 374 2783 est.
419 2720 493 2793 Quo
507 2721 578 2782 dum
592 2719 772 2801 Proserpina
789 2720 857 2781 luco

64 2815 154 2895 Ludit,
171 2833 201 2882 et
215 2833 266 2882 aut
281 2819 383 2895 violaS,
398 2832 448 2880 aut
463 2818 588 2881 candida
602 2818 660 2879 lilia
675 2815 786 2897 carpit,
963 2815 1027 2878 230

64 2912 195 3000 Dumque
210 2917 334 3000 puellari
349 2917 445 2978 studio
459 2917 651 2997 calathosque
666 2913 821 2993 sinumque

64 3010 171 3095 lmplet,
187 3028 217 3076 et
232 3015 359 3099 aquales
374 3028 467 3077 certat
481 3033 620 3097 superare
635 3009 780 3093 legend03

64 3107 137 3172 Pena
151 3112 237 3174 simul
253 3113 316 3174 visa
331 3126 387 3189 est,
402 3112 579 3196 dilectaque,
593 3122 735 3193 raptaque
751 3108 833 3171 Diti:

64 3203 156 3292 Usque
172 3209 249 3271 adeo
263 3223 438 3293 properatur
452 3231 544 3271 amor.
589 3207 659 3270 Dea
674 3207 773 3269 territa
786 3218 894 3269 moestc

64 3301 98 3366 Et
109 3321 241 3385 matrem,
257 3321 288 3370 et
301 3308 436 3383 comites,
452 3307 504 3369 sed
519 3320 644 3368 matrem
658 3306 773 3387 saepius,
785 3324 835 3365 ore
964 3299 1026 3360 235

64 3399 188 3468 Clamat:
212 3420 253 3484 et,
268 3420 302 3469 ut
317 3404 436 3469 summa
449 3418 565 3466 vestem
577 3403 701 3466 laniarat
715 3400 752 3463 ab
766 3397 828 3471 ort,

64 3496 177 3567 Collecti
193 3505 282 3568 flores
296 3503 404 3568 tunicis
418 3502 554 3566 cecidere
568 3499 706 3563 remissis.

307 3601 355 3664 6*

1029 3680 1114 3874 l
