2356 4110
488 354 596 406 urana
614 356 649 406 11.
1013 354 1055 413 25

67 508 202 593 Pignora
215 521 299 572 certa
314 507 401 590 petis.
447 507 498 569 Do
513 507 636 589 pignora
650 522 731 570 certa
744 507 894 570 timendo:
1014 511 1057 573 90

72 609 112 671 Et
126 608 224 692 patrio
240 619 325 690 pater
340 627 405 667 esse
420 619 502 667 metu
517 607 634 688 probor.
680 604 813 688 Adspice
829 607 927 668 vultus

70 706 156 769 Ecce
171 727 273 768 meos:
297 704 469 787 utinamque
485 704 586 765 oculos
602 705 631 765 in
646 718 767 787 pectora
782 726 884 787 posses

71 802 218 881 Inserere‚
235 818 265 865 et
280 803 389 886 patrias
403 802 481 863 intus
497 802 679 884 deprendere
694 804 796 865 curas!

71 901 226 985 Denique,
243 900 385 985 quidquid
400 900 490 962 habet
506 900 599 976 dives,
615 901 819 984 circumspice,
834 901 979 963 mundus:

73 998 164 1083 Eque
178 1011 222 1061 tot
237 1021 271 1060 ac
285 998 374 1061 tantis
389 998 468 1074 coeli,
484 1011 638 1080 terraque,
653 999 799 1080 marisque
1014 1003 1055 1064 95

72 1096 172 1159 Posce
187 1097 270 1159 bonis
286 1097 413 1179 aliquid:
437 1096 547 1157 nullam
563 1097 675 1179 patiere
691 1095 851 1179 repulsam.

73 1193 231 1277 Deprecor
244 1196 302 1256 hoc
316 1216 428 1270 unum;
451 1194 530 1277 quod
545 1215 616 1255 vero
631 1195 750 1256 nomine
766 1216 866 1278 poena,

73 1290 145 1354 Non
160 1292 253 1356 honor
267 1307 322 1354 est.
368 1292 506 1368 Poenam,
523 1291 692 1369 Phaethon,
708 1315 762 1375 pro
776 1313 909 1370 munere,
925 1293 1032 1375 poscis.

72 1388 159 1464 Quid
174 1413 241 1454 mea
254 1393 332 1454 colla
347 1406 430 1453 tenes
446 1391 570 1467 blandis,
587 1392 696 1472 ignare,
711 1392 848 1454 lacertis?

71 1488 123 1552 Ne
139 1489 250 1567 dubita,
266 1490 381 1551 dabitur
399 1488 532 1575 (Stygias
544 1488 707 1573 juravimus
721 1488 830 1575 undas)
994 1494 1055 1553 100

71 1584 288 1671 Quodcunque
302 1588 431 1671 optaris:
456 1588 507 1649 sed
523 1601 554 1649 tu
570 1588 730 1670 sapientius
746 1589 837 1671 opta.’

116 1684 249 1747 Finierat
263 1686 403 1747 monitus
449 1685 546 1747 Dictis
562 1699 659 1748 tamen
676 1686 724 1748 ille
740 1706 902 1769 repugnat:

69 1782 321 1866 Propositumque
336 1797 434 1845 tenet:
459 1784 621 1868 flagratque
636 1785 774 1867 cupidine
789 1786 902 1847 curnis.

70 1879 165 1963 Ergo,
182 1881 241 1965 qud
255 1882 338 1943 licuit
352 1882 466 1963 genitor
479 1895 644 1957 cunctatus,
660 1882 697 1943 ad
713 1883 787 1943 altos

69 1977 204 2041 Deducit
216 1978 371 2064 juvenem,
388 1979 535 2042 Vulcanm
549 2002 683 2056 munera,
698 2001 810 2042 currus
992 1984 1053 2045 105

68 2077 190 2139 Aureus
206 2078 270 2140 axis
286 2093 358 2154 erat,
374 2093 454 2140 temo
469 2100 586 2155 aureus,
602 2100 691 2141 aurea
705 2100 826 2141 summe

68 2174 241 2238 Curvatura
255 2190 343 2256 mte;
366 2177 513 2239 radiorum
529 2192 685 2259 argenteus
700 2178 782 2241 ordo.

69 2272 131 2334 Per
140 2272 214 2358 juga
228 2275 412 2358 chrysolithi,
428 2275 588 2359 positaeque
604 2298 643 2338 ex
658 2277 760 2339 ordine
775 2299 911 2360 gemme,
1086 2296 1112 2368 :J

68 2371 162 2434 Clara
176 2393 351 2455 repercusso
364 2373 527 2436 reddebant
540 2375 652 2436 lumina
666 2374 795 2437 Phoebo.
1107 2390 1110 2395 '

67 2468 215 2553 Dumque
230 2491 267 2531 ea
280 2472 483 2552 magnanimus
499 2471 659 2534 Phaethon
673 2473 803 2551 miratur,
819 2495 954 2557 opusque
989 2476 1052 2539 110

65 2566 236 2650 Perspicit:
260 2589 332 2631 eccc
348 2569 418 2651 vigil
432 2570 519 2631 rutilo
534 2570 675 2653 patefecit
690 2572 727 2634 ab
742 2560 807 2635 ortu

66 2663 240 2747 Purpureas
255 2667 372 2729 Aurora
387 2666 472 2747 sores,
488 2655 519 2730 et
533 2670 623 2752 plena
637 2692 766 2732 rosarum

65 2762 167 2825 Atria.
211 2763 381 2847 Diffugiunt
395 2766 506 2828 stellae:
531 2788 653 2850 quarum
669 2769 787 2849 agmina
800 2769 879 2850 cogit

64 2859 202 2938 Lucifer,
218 2876 249 2924 et
262 2863 332 2925 coeli
348 2864 472 2925 statione
487 2866 663 2927 novissimus
678 2866 741 2927 exit
884 2869 889 2875 ’

108 2959 155 3021 At
170 2972 260 3042 pater·
268 2974 303 3021 ut
317 2975 418 3039 terras,
434 2964 637 3045 mundumque
653 2909 808 3027 rebesiless
824 2964 905 3043 vidit,
989 2968 1050 3033 115

64 3056 250 3141 Cornuaque
267 3076 407 3122 extrema:
425 3062 505 3122 velut
520 3083 698 3163 evenes-cepe
714 3063 809 3141 lunae3

62 3156 199 3239 lungere
215 3178 308 3241 equos
324 3158 415 3221 Titan
431 3161 581 3222 velocibus
596 3134 722 3245 impelat
738 3162 838 3227 Horis,

60 3254 155 3317 Jussa
169 3255 233 3318 deae
248 3256 361 3319 celeres
376 3273 537 3341 peragunt:
561 3260 628 3341 igne
662 3284 719 3345 que
734 3277 899 3341 vomenteS,

58 3354 231 3417 Ambrosie
245 3375 336 3418 succo
350 3370 474 3433 saturos,
490 3359 654 3441 praesepibu
683 3362 748 3424 altis

58 3448 289 3535 Quadrupedes
304 3454 434 3530 ducunt3
457 3456 627 3541 adduntque
643 3460 775 3521 sonantia
790 3458 887 3522 lraena.
987 3460 1049 3523 120

101 3548 192 3615 Tum
207 3563 294 3633 puter
306 3574 359 3616 ora
372 3552 417 3617 sui
432 3574 516 3617 sacro
530 3556 727 3620 medicamine
742 3557 802 3618 nati

334 3654 355 3713 3
