<?xml version="1.0" encoding="UTF-8"?>
<!DOCTYPE html PUBLIC "-//W3C//DTD XHTML 1.0 Transitional//EN"
    "http://www.w3.org/TR/xhtml1/DTD/xhtml1-transitional.dtd">
<html xmlns="http://www.w3.org/1999/xhtml" xml:lang="en" lang="en">
 <head>
  <title>
</title>
<meta http-equiv="Content-Type" content="text/html;charset=utf-8" />
  <meta name='ocr-system' content='tesseract 3.04.00' />
  <meta name='ocr-capabilities' content='ocr_page ocr_carea ocr_par ocr_line ocrx_word'/>
</head>
<body>
  <div class='ocr_page' id='page_1' title='image "./excerptaexscrip00ovidgoog_0192.png"; bbox 0 0 2356 4110; ppageno 0'>
   <div class='ocr_carea' id='block_1_1' title="bbox 371 490 787 590">
    <p class='ocr_par' dir='ltr' id='par_1_1' title="bbox 371 490 787 590">
     <span class='ocr_line' id='line_1_1' title="bbox 371 490 787 590; baseline 0.026 -26"><span class='ocrx_word' id='word_1_1' title='bbox 371 490 531 590; x_wconf 78' lang='lat' dir='ltr'>nux,</span> <span class='ocrx_word' id='word_1_2' title='bbox 567 491 787 576; x_wconf 79' lang='lat' dir='ltr'>nnneln.</span> 
     </span>
    </p>
   </div>
   <div class='ocr_carea' id='block_1_2' title="bbox 81 833 1073 3534">
    <p class='ocr_par' dir='ltr' id='par_1_2' title="bbox 81 833 1073 3534">
     <span class='ocr_line' id='line_1_2' title="bbox 103 833 902 918; baseline 0.009 -23"><span class='ocrx_word' id='word_1_3' title='bbox 103 833 181 896; x_wconf 82' lang='lat' dir='ltr'>Nux</span> <span class='ocrx_word' id='word_1_4' title='bbox 197 854 253 915; x_wconf 86' lang='lat' dir='ltr'>ego</span> <span class='ocrx_word' id='word_1_5' title='bbox 263 833 367 918; x_wconf 85' lang='lat' dir='ltr'>juncta</span> <span class='ocrx_word' id='word_1_6' title='bbox 381 835 446 911; x_wconf 87' lang='lat' dir='ltr'>viae,</span> <span class='ocrx_word' id='word_1_7' title='bbox 461 835 529 897; x_wconf 86' lang='lat' dir='ltr'>cirm</span> <span class='ocrx_word' id='word_1_8' title='bbox 544 835 599 897; x_wconf 86' lang='lat' dir='ltr'>sim</span> <span class='ocrx_word' id='word_1_9' title='bbox 613 836 675 897; x_wconf 87' lang='lat' dir='ltr'>sine</span> <span class='ocrx_word' id='word_1_10' title='bbox 690 836 810 900; x_wconf 89' lang='lat' dir='ltr'>crimine</span> <span class='ocrx_word' id='word_1_11' title='bbox 824 840 902 917; x_wconf 82' lang='lat' dir='ltr'>vitre,</span> 
     </span>
     <span class='ocr_line' id='line_1_3' title="bbox 146 929 713 1014; baseline 0.005 -23"><span class='ocrx_word' id='word_1_12' title='bbox 146 929 177 991; x_wconf 99' lang='lat' dir='ltr'>A</span> <span class='ocrx_word' id='word_1_13' title='bbox 193 931 304 1013; x_wconf 91' lang='lat' dir='ltr'>populo</span> <span class='ocrx_word' id='word_1_14' title='bbox 317 931 397 993; x_wconf 85' lang='lat' dir='ltr'>saxis</span> <span class='ocrx_word' id='word_1_15' title='bbox 410 944 604 1014; x_wconf 79' lang='lat' dir='ltr'>pretereunte</span> <span class='ocrx_word' id='word_1_16' title='bbox 618 945 713 1014; x_wconf 91' lang='lat' dir='ltr'>petor.</span> 
     </span>
     <span class='ocr_line' id='line_1_4' title="bbox 81 1025 852 1112; baseline 0.008 -24"><span class='ocrx_word' id='word_1_17' title='bbox 81 1050 84 1054; x_wconf 53' lang='lat'><em>⁴</em></span> <span class='ocrx_word' id='word_1_18' title='bbox 103 1025 241 1088; x_wconf 87' lang='lat' dir='ltr'>Obruere</span> <span class='ocrx_word' id='word_1_19' title='bbox 256 1028 311 1089; x_wconf 91' lang='lat' dir='ltr'>ista</span> <span class='ocrx_word' id='word_1_20' title='bbox 325 1029 399 1090; x_wconf 90' lang='lat' dir='ltr'>solet</span> <span class='ocrx_word' id='word_1_21' title='bbox 413 1028 582 1090; x_wconf 82' lang='lat' dir='ltr'>manifestos</span> <span class='ocrx_word' id='word_1_22' title='bbox 597 1050 686 1112; x_wconf 88' lang='lat' dir='ltr'>poena</span> <span class='ocrx_word' id='word_1_23' title='bbox 702 1043 852 1109; x_wconf 80' lang='lat' dir='ltr'><strong>nocentes,</strong></span> 
     </span>
     <span class='ocr_line' id='line_1_5' title="bbox 148 1123 836 1207; baseline 0.006 -22"><span class='ocrx_word' id='word_1_24' title='bbox 148 1123 270 1185; x_wconf 79' lang='lat' dir='ltr'>Publica</span> <span class='ocrx_word' id='word_1_25' title='bbox 286 1125 353 1186; x_wconf 75' lang='lat' dir='ltr'>etun</span> <span class='ocrx_word' id='word_1_26' title='bbox 368 1125 477 1186; x_wconf 86' lang='lat' dir='ltr'>lentam</span> <span class='ocrx_word' id='word_1_27' title='bbox 493 1147 551 1187; x_wconf 92' lang='lat' dir='ltr'>non</span> <span class='ocrx_word' id='word_1_28' title='bbox 565 1125 645 1207; x_wconf 86' lang='lat' dir='ltr'>capit</span> <span class='ocrx_word' id='word_1_29' title='bbox 661 1127 701 1188; x_wconf 87' lang='lat' dir='ltr'>ira</span> <span class='ocrx_word' id='word_1_30' title='bbox 713 1148 836 1189; x_wconf 84' lang='lat' dir='ltr'>morem.</span> 
     </span>
     <span class='ocr_line' id='line_1_6' title="bbox 105 1218 802 1304; baseline 0.007 -23"><span class='ocrx_word' id='word_1_31' title='bbox 105 1218 156 1281; x_wconf 90' lang='lat' dir='ltr'>Nil</span> <span class='ocrx_word' id='word_1_32' title='bbox 172 1242 230 1302; x_wconf 84' lang='lat' dir='ltr'>ego</span> <span class='ocrx_word' id='word_1_33' title='bbox 244 1220 382 1302; x_wconf 86' lang='lat' dir='ltr'>peooavi:</span> <span class='ocrx_word' id='word_1_34' title='bbox 406 1222 498 1283; x_wconf 85' lang='lat' dir='ltr'>nisisi</span> <span class='ocrx_word' id='word_1_35' title='bbox 514 1223 655 1304; x_wconf 76' lang='lat' dir='ltr'>peccasse</span> <span class='ocrx_word' id='word_1_36' title='bbox 671 1237 802 1300; x_wconf 87' lang='lat' dir='ltr'>vocetur,</span> 
     </span>
     <span class='ocr_line' id='line_1_7' title="bbox 149 1317 676 1400; baseline 0.006 -21"><span class='ocrx_word' id='word_1_37' title='bbox 149 1317 257 1379; x_wconf 88' lang='lat' dir='ltr'>Annua</span> <span class='ocrx_word' id='word_1_38' title='bbox 270 1319 373 1380; x_wconf 88' lang='lat' dir='ltr'>cultori</span> <span class='ocrx_word' id='word_1_39' title='bbox 388 1340 475 1400; x_wconf 91' lang='lat' dir='ltr'>poma</span> <span class='ocrx_word' id='word_1_40' title='bbox 491 1318 597 1381; x_wconf 84' lang='lat' dir='ltr'>referre</span> <span class='ocrx_word' id='word_1_41' title='bbox 612 1341 676 1382; x_wconf 87' lang='lat' dir='ltr'>suo.</span> 
     </span>
     <span class='ocr_line' id='line_1_8' title="bbox 104 1414 808 1495; baseline 0.007 -19"><span class='ocrx_word' id='word_1_42' title='bbox 104 1415 148 1476; x_wconf 84' lang='lat' dir='ltr'>At</span> <span class='ocrx_word' id='word_1_43' title='bbox 162 1414 242 1495; x_wconf 85' lang='lat' dir='ltr'>priirs</span> <span class='ocrx_word' id='word_1_44' title='bbox 257 1415 416 1491; x_wconf 82' lang='lat' dir='ltr'>arboribus,</span> <span class='ocrx_word' id='word_1_45' title='bbox 431 1428 494 1476; x_wconf 92' lang='lat' dir='ltr'>tum</span> <span class='ocrx_word' id='word_1_46' title='bbox 508 1416 577 1477; x_wconf 84' lang='lat' dir='ltr'>eirm</span> <span class='ocrx_word' id='word_1_47' title='bbox 591 1417 712 1479; x_wconf 83' lang='lat' dir='ltr'>meliora</span> <span class='ocrx_word' id='word_1_48' title='bbox 726 1417 808 1481; x_wconf 68' lang='lat' dir='ltr'>suere</span> 
     </span>
     <span class='ocr_line' id='line_1_9' title="bbox 146 1509 725 1592; baseline 0.007 -22"><span class='ocrx_word' id='word_1_49' title='bbox 146 1509 309 1592; x_wconf 87' lang='lat' dir='ltr'>Tempora,</span> <span class='ocrx_word' id='word_1_50' title='bbox 323 1525 472 1573; x_wconf 85' lang='lat' dir='ltr'>certamen</span> <span class='ocrx_word' id='word_1_51' title='bbox 487 1511 638 1574; x_wconf 83' lang='lat' dir='ltr'>fertilitatis</span> <span class='ocrx_word' id='word_1_52' title='bbox 654 1526 725 1575; x_wconf 87' lang='lat' dir='ltr'>erat.</span> 
     </span>
     <span class='ocr_line' id='line_1_10' title="bbox 102 1605 830 1673; baseline 0.008 -6"><span class='ocrx_word' id='word_1_53' title='bbox 102 1605 186 1668; x_wconf 75' lang='lat' dir='ltr'>Ciam</span> <span class='ocrx_word' id='word_1_54' title='bbox 201 1606 310 1669; x_wconf 92' lang='lat' dir='ltr'>domini</span> <span class='ocrx_word' id='word_1_55' title='bbox 324 1628 469 1669; x_wconf 89' lang='lat' dir='ltr'>memores</span> <span class='ocrx_word' id='word_1_56' title='bbox 484 1608 567 1670; x_wconf 81' lang='lat' dir='ltr'>sertis</span> <span class='ocrx_word' id='word_1_57' title='bbox 581 1630 683 1670; x_wconf 86' lang='lat' dir='ltr'>ornare</span> <span class='ocrx_word' id='word_1_58' title='bbox 697 1611 830 1673; x_wconf 90' lang='lat' dir='ltr'>solebant</span> 
     </span>
     <span class='ocr_line' id='line_1_11' title="bbox 148 1702 732 1787; baseline 0.005 -23"><span class='ocrx_word' id='word_1_59' title='bbox 148 1702 310 1784; x_wconf 83' lang='lat' dir='ltr'>Agricolas,</span> <span class='ocrx_word' id='word_1_60' title='bbox 325 1702 418 1766; x_wconf 86' lang='lat' dir='ltr'>fructu</span> <span class='ocrx_word' id='word_1_61' title='bbox 434 1705 636 1787; x_wconf 89' lang='lat' dir='ltr'>proveniente,</span> <span class='ocrx_word' id='word_1_62' title='bbox 651 1704 732 1768; x_wconf 88' lang='lat' dir='ltr'>deos.</span> 
     </span>
     <span class='ocr_line' id='line_1_12' title="bbox 101 1799 784 1882; baseline 0.006 -22"><span class='ocrx_word' id='word_1_63' title='bbox 101 1799 191 1882; x_wconf 78' lang='lat' dir='ltr'>Saepe</span> <span class='ocrx_word' id='word_1_64' title='bbox 206 1814 271 1862; x_wconf 88' lang='lat' dir='ltr'>tuas</span> <span class='ocrx_word' id='word_1_65' title='bbox 285 1801 381 1882; x_wconf 89' lang='lat' dir='ltr'>igitur,</span> <span class='ocrx_word' id='word_1_66' title='bbox 396 1801 497 1878; x_wconf 91' lang='lat' dir='ltr'>Liber,</span> <span class='ocrx_word' id='word_1_67' title='bbox 513 1802 632 1864; x_wconf 90' lang='lat' dir='ltr'>miratus</span> <span class='ocrx_word' id='word_1_68' title='bbox 647 1824 679 1864; x_wconf 90' lang='lat' dir='ltr'>es</span> <span class='ocrx_word' id='word_1_69' title='bbox 694 1824 784 1864; x_wconf 85' lang='lat' dir='ltr'>uvas:</span> 
     </span>
     <span class='ocr_line' id='line_1_13' title="bbox 143 1895 743 1981; baseline 0 -22"><span class='ocrx_word' id='word_1_70' title='bbox 143 1895 255 1959; x_wconf 89' lang='lat' dir='ltr'>Mirata</span> <span class='ocrx_word' id='word_1_71' title='bbox 269 1912 312 1960; x_wconf 91' lang='lat' dir='ltr'>est</span> <span class='ocrx_word' id='word_1_72' title='bbox 327 1899 407 1960; x_wconf 87' lang='lat' dir='ltr'>oleas</span> <span class='ocrx_word' id='word_1_73' title='bbox 422 1919 499 1981; x_wconf 75' lang='lat' dir='ltr'>saepe</span> <span class='ocrx_word' id='word_1_74' title='bbox 514 1897 652 1961; x_wconf 89' lang='lat' dir='ltr'>Minerva</span> <span class='ocrx_word' id='word_1_75' title='bbox 666 1920 743 1960; x_wconf 77' lang='lat' dir='ltr'>suas.</span> 
     </span>
     <span class='ocr_line' id='line_1_14' title="bbox 99 1993 845 2077; baseline 0.004 -23"><span class='ocrx_word' id='word_1_76' title='bbox 99 1993 258 2077; x_wconf 85' lang='lat' dir='ltr'>Pomaque</span> <span class='ocrx_word' id='word_1_77' title='bbox 272 1995 411 2056; x_wconf 79' lang='lat' dir='ltr'>laesissent</span> <span class='ocrx_word' id='word_1_78' title='bbox 425 2009 567 2071; x_wconf 90' lang='lat' dir='ltr'>matrem;</span> <span class='ocrx_word' id='word_1_79' title='bbox 589 1996 619 2056; x_wconf 91' lang='lat' dir='ltr'>ni</span> <span class='ocrx_word' id='word_1_80' title='bbox 634 1995 750 2057; x_wconf 91' lang='lat' dir='ltr'>subdita</span> <span class='ocrx_word' id='word_1_81' title='bbox 763 2016 845 2058; x_wconf 87' lang='lat' dir='ltr'>ramo</span> 
     </span>
     <span class='ocr_line' id='line_1_15' title="bbox 143 2080 850 2184; baseline 0.004 -32"><span class='ocrx_word' id='word_1_82' title='bbox 143 2091 251 2184; x_wconf 75' lang='lat' dir='ltr'>Longa</span> <span class='ocrx_word' id='word_1_83' title='bbox 265 2092 405 2155; x_wconf 87' lang='lat' dir='ltr'>laboranti</span> <span class='ocrx_word' id='word_1_84' title='bbox 420 2091 501 2154; x_wconf 83' lang='lat' dir='ltr'>furca</span> <span class='ocrx_word' id='word_1_85' title='bbox 515 2093 628 2154; x_wconf 88' lang='lat' dir='ltr'>tulisset</span> <span class='ocrx_word' id='word_1_86' title='bbox 642 2113 742 2175; x_wconf 90' lang='lat' dir='ltr'>opem.</span> <span class='ocrx_word' id='word_1_87' title='bbox 847 2080 850 2085; x_wconf 39' lang='lat'>⁵</span> 
     </span>
     <span class='ocr_line' id='line_1_16' title="bbox 98 2188 1073 2272; baseline 0.002 -22"><span class='ocrx_word' id='word_1_88' title='bbox 98 2188 146 2250; x_wconf 89' lang='lat' dir='ltr'>At</span> <span class='ocrx_word' id='word_1_89' title='bbox 160 2203 315 2271; x_wconf 90' lang='lat' dir='ltr'>postquam</span> <span class='ocrx_word' id='word_1_90' title='bbox 331 2189 464 2272; x_wconf 89' lang='lat' dir='ltr'>platanis,</span> <span class='ocrx_word' id='word_1_91' title='bbox 479 2189 607 2250; x_wconf 86' lang='lat' dir='ltr'>sterilem</span> <span class='ocrx_word' id='word_1_92' title='bbox 622 2189 816 2270; x_wconf 76' lang='lat' dir='ltr'>praebentibus</span> <span class='ocrx_word' id='word_1_93' title='bbox 829 2191 973 2267; x_wconf 89' lang='lat' dir='ltr'>umbram,</span> <span class='ocrx_word' id='word_1_94' title='bbox 1034 2193 1073 2252; x_wconf 81' lang='lat'>15</span> 
     </span>
     <span class='ocr_line' id='line_1_17' title="bbox 142 2284 727 2368; baseline -0.002 -22"><span class='ocrx_word' id='word_1_95' title='bbox 142 2284 271 2347; x_wconf 89' lang='lat' dir='ltr'>Uberior</span> <span class='ocrx_word' id='word_1_96' title='bbox 286 2285 389 2368; x_wconf 66' lang='lat' dir='ltr'>quivis</span> <span class='ocrx_word' id='word_1_97' title='bbox 404 2286 505 2347; x_wconf 92' lang='lat' dir='ltr'>arbore</span> <span class='ocrx_word' id='word_1_98' title='bbox 521 2285 601 2346; x_wconf 90' lang='lat' dir='ltr'>venit</span> <span class='ocrx_word' id='word_1_99' title='bbox 615 2286 727 2358; x_wconf 90' lang='lat' dir='ltr'>honos;</span> 
     </span>
     <span class='ocr_line' id='line_1_18' title="bbox 97 2379 928 2466; baseline 0.002 -24"><span class='ocrx_word' id='word_1_100' title='bbox 97 2379 168 2442; x_wconf 91' lang='lat' dir='ltr'>Nos</span> <span class='ocrx_word' id='word_1_101' title='bbox 183 2401 300 2464; x_wconf 88' lang='lat' dir='ltr'>quoque</span> <span class='ocrx_word' id='word_1_102' title='bbox 314 2381 455 2462; x_wconf 81' lang='lat' dir='ltr'>frugiferae</span> <span class='ocrx_word' id='word_1_103' title='bbox 474 2382 511 2466; x_wconf 91' lang='lat' dir='ltr'>(si</span> <span class='ocrx_word' id='word_1_104' title='bbox 527 2402 589 2442; x_wconf 86' lang='lat' dir='ltr'>nux</span> <span class='ocrx_word' id='word_1_105' title='bbox 603 2380 693 2442; x_wconf 81' lang='lat' dir='ltr'>modo</span> <span class='ocrx_word' id='word_1_106' title='bbox 709 2402 802 2464; x_wconf 92' lang='lat' dir='ltr'>ponor</span> <span class='ocrx_word' id='word_1_107' title='bbox 814 2381 844 2444; x_wconf 91' lang='lat' dir='ltr'>in</span> <span class='ocrx_word' id='word_1_108' title='bbox 858 2381 928 2466; x_wconf 90' lang='lat' dir='ltr'>illis)</span> 
     </span>
     <span class='ocr_line' id='line_1_19' title="bbox 143 2476 762 2560; baseline 0 -22"><span class='ocrx_word' id='word_1_109' title='bbox 143 2476 303 2559; x_wconf 91' lang='lat' dir='ltr'>Coepimus</span> <span class='ocrx_word' id='word_1_110' title='bbox 317 2477 347 2539; x_wconf 91' lang='lat' dir='ltr'>in</span> <span class='ocrx_word' id='word_1_111' title='bbox 362 2479 477 2560; x_wconf 84' lang='lat' dir='ltr'>patulas</span> <span class='ocrx_word' id='word_1_112' title='bbox 491 2479 638 2540; x_wconf 86' lang='lat' dir='ltr'>luxuriare</span> <span class='ocrx_word' id='word_1_113' title='bbox 652 2499 762 2540; x_wconf 82' lang='lat' dir='ltr'>comas.</span> 
     </span>
     <span class='ocr_line' id='line_1_20' title="bbox 97 2571 943 2658; baseline 0.005 -24"><span class='ocrx_word' id='word_1_114' title='bbox 97 2571 131 2634; x_wconf 91' lang='lat' dir='ltr'><strong>N</strong></span> <span class='ocrx_word' id='word_1_115' title='bbox 133 2594 194 2634; x_wconf 86' lang='lat' dir='ltr'>une</span> <span class='ocrx_word' id='word_1_116' title='bbox 207 2594 303 2657; x_wconf 91' lang='lat' dir='ltr'>neque</span> <span class='ocrx_word' id='word_1_117' title='bbox 318 2575 470 2636; x_wconf 87' lang='lat' dir='ltr'>continuos</span> <span class='ocrx_word' id='word_1_118' title='bbox 485 2589 643 2636; x_wconf 84' lang='lat' dir='ltr'>naseuntur</span> <span class='ocrx_word' id='word_1_119' title='bbox 664 2596 753 2656; x_wconf 90' lang='lat' dir='ltr'>poma</span> <span class='ocrx_word' id='word_1_120' title='bbox 768 2596 822 2658; x_wconf 91' lang='lat' dir='ltr'>per</span> <span class='ocrx_word' id='word_1_121' title='bbox 836 2597 943 2639; x_wconf 90' lang='lat' dir='ltr'>annos:</span> 
     </span>
     <span class='ocr_line' id='line_1_21' title="bbox 144 2670 1073 2757; baseline 0.004 -23"><span class='ocrx_word' id='word_1_122' title='bbox 144 2670 273 2755; x_wconf 86' lang='lat' dir='ltr'>Uvaque</span> <span class='ocrx_word' id='word_1_123' title='bbox 287 2673 355 2735; x_wconf 86' lang='lat' dir='ltr'>laesa</span> <span class='ocrx_word' id='word_1_124' title='bbox 370 2674 501 2749; x_wconf 91' lang='lat' dir='ltr'>domum,</span> <span class='ocrx_word' id='word_1_125' title='bbox 515 2673 640 2757; x_wconf 87' lang='lat' dir='ltr'>laesaque</span> <span class='ocrx_word' id='word_1_126' title='bbox 655 2673 747 2736; x_wconf 89' lang='lat' dir='ltr'>bacca</span> <span class='ocrx_word' id='word_1_127' title='bbox 762 2674 851 2735; x_wconf 89' lang='lat' dir='ltr'>venit.</span> <span class='ocrx_word' id='word_1_128' title='bbox 1030 2679 1073 2738; x_wconf 75' lang='lat'>20</span> 
     </span>
     <span class='ocr_line' id='line_1_22' title="bbox 97 2771 909 2856; baseline -0.001 -21"><span class='ocrx_word' id='word_1_129' title='bbox 97 2771 197 2835; x_wconf 75' lang='lat' dir='ltr'>Certe</span> <span class='ocrx_word' id='word_1_130' title='bbox 212 2793 277 2854; x_wconf 86' lang='lat' dir='ltr'>ego,</span> <span class='ocrx_word' id='word_1_131' title='bbox 292 2773 316 2834; x_wconf 92' lang='lat' dir='ltr'>si</span> <span class='ocrx_word' id='word_1_132' title='bbox 330 2794 481 2856; x_wconf 86' lang='lat' dir='ltr'>nunquam</span> <span class='ocrx_word' id='word_1_133' title='bbox 495 2775 685 2856; x_wconf 89' lang='lat' dir='ltr'>peperissem,</span> <span class='ocrx_word' id='word_1_134' title='bbox 701 2773 788 2835; x_wconf 88' lang='lat' dir='ltr'>tutior</span> <span class='ocrx_word' id='word_1_135' title='bbox 801 2792 909 2834; x_wconf 87' lang='lat' dir='ltr'>essem.</span> 
     </span>
     <span class='ocr_line' id='line_1_23' title="bbox 143 2867 762 2952; baseline -0.003 -22"><span class='ocrx_word' id='word_1_136' title='bbox 143 2869 205 2931; x_wconf 85' lang='lat' dir='ltr'>Ista</span> <span class='ocrx_word' id='word_1_137' title='bbox 220 2868 446 2951; x_wconf 87' lang='lat' dir='ltr'>Clytemnestrae</span> <span class='ocrx_word' id='word_1_138' title='bbox 461 2871 548 2952; x_wconf 82' lang='lat' dir='ltr'>digna</span> <span class='ocrx_word' id='word_1_139' title='bbox 564 2869 684 2952; x_wconf 90' lang='lat' dir='ltr'>querela</span> <span class='ocrx_word' id='word_1_140' title='bbox 699 2867 762 2929; x_wconf 87' lang='lat' dir='ltr'>luit.</span> 
     </span>
     <span class='ocr_line' id='line_1_24' title="bbox 98 2965 833 3048; baseline 0 -20"><span class='ocrx_word' id='word_1_141' title='bbox 98 2965 135 3028; x_wconf 88' lang='lat' dir='ltr'>Si</span> <span class='ocrx_word' id='word_1_142' title='bbox 150 2965 223 3027; x_wconf 82' lang='lat' dir='ltr'>sciat</span> <span class='ocrx_word' id='word_1_143' title='bbox 237 2966 295 3028; x_wconf 87' lang='lat' dir='ltr'>boe</span> <span class='ocrx_word' id='word_1_144' title='bbox 310 2967 385 3042; x_wconf 86' lang='lat' dir='ltr'>vitis,</span> <span class='ocrx_word' id='word_1_145' title='bbox 400 2981 553 3029; x_wconf 82' lang='lat' dir='ltr'>nascentes</span> <span class='ocrx_word' id='word_1_146' title='bbox 568 2966 730 3048; x_wconf 83' lang='lat' dir='ltr'>supprimet</span> <span class='ocrx_word' id='word_1_147' title='bbox 743 2985 833 3028; x_wconf 85' lang='lat' dir='ltr'>uvas:</span> 
     </span>
     <span class='ocr_line' id='line_1_25' title="bbox 144 3061 828 3146; baseline 0.003 -22"><span class='ocrx_word' id='word_1_148' title='bbox 144 3061 297 3146; x_wconf 88' lang='lat' dir='ltr'>Orbaque,</span> <span class='ocrx_word' id='word_1_149' title='bbox 312 3064 336 3126; x_wconf 90' lang='lat' dir='ltr'>si</span> <span class='ocrx_word' id='word_1_150' title='bbox 350 3064 422 3126; x_wconf 83' lang='lat' dir='ltr'>sciat</span> <span class='ocrx_word' id='word_1_151' title='bbox 436 3065 504 3141; x_wconf 90' lang='lat' dir='ltr'>hoc,</span> <span class='ocrx_word' id='word_1_152' title='bbox 519 3063 649 3125; x_wconf 86' lang='lat' dir='ltr'>Palladis</span> <span class='ocrx_word' id='word_1_153' title='bbox 664 3065 749 3126; x_wconf 91' lang='lat' dir='ltr'>arbor</span> <span class='ocrx_word' id='word_1_154' title='bbox 762 3063 828 3128; x_wconf 88' lang='lat' dir='ltr'>erit.</span> 
     </span>
     <span class='ocr_line' id='line_1_26' title="bbox 100 3158 779 3244; baseline 0 -22"><span class='ocrx_word' id='word_1_155' title='bbox 100 3158 172 3222; x_wconf 88' lang='lat' dir='ltr'>Hoc</span> <span class='ocrx_word' id='word_1_156' title='bbox 186 3160 214 3222; x_wconf 90' lang='lat' dir='ltr'>in</span> <span class='ocrx_word' id='word_1_157' title='bbox 231 3161 362 3222; x_wconf 90' lang='lat' dir='ltr'>notitiam</span> <span class='ocrx_word' id='word_1_158' title='bbox 378 3162 475 3222; x_wconf 88' lang='lat' dir='ltr'>veniat</span> <span class='ocrx_word' id='word_1_159' title='bbox 488 3160 624 3243; x_wconf 89' lang='lat' dir='ltr'>maloque</span> <span class='ocrx_word' id='word_1_160' title='bbox 640 3160 779 3244; x_wconf 89' lang='lat' dir='ltr'>piroque;</span> 
     </span>
     <span class='ocr_line' id='line_1_27' title="bbox 144 3256 753 3339; baseline 0.007 -22"><span class='ocrx_word' id='word_1_161' title='bbox 144 3256 317 3319; x_wconf 81' lang='lat' dir='ltr'>Destituant</span> <span class='ocrx_word' id='word_1_162' title='bbox 331 3258 418 3319; x_wconf 87' lang='lat' dir='ltr'>silvas</span> <span class='ocrx_word' id='word_1_163' title='bbox 433 3271 556 3338; x_wconf 87' lang='lat' dir='ltr'>utraque</span> <span class='ocrx_word' id='word_1_164' title='bbox 572 3278 660 3339; x_wconf 93' lang='lat' dir='ltr'>poma</span> <span class='ocrx_word' id='word_1_165' title='bbox 674 3279 753 3321; x_wconf 86' lang='lat' dir='ltr'>suas.</span> 
     </span>
     <span class='ocr_line' id='line_1_28' title="bbox 98 3353 796 3437; baseline 0 -21"><span class='ocrx_word' id='word_1_166' title='bbox 98 3354 240 3437; x_wconf 85' lang='lat' dir='ltr'>Quaeque</span> <span class='ocrx_word' id='word_1_167' title='bbox 255 3354 310 3416; x_wconf 86' lang='lat' dir='ltr'>sibi</span> <span class='ocrx_word' id='word_1_168' title='bbox 326 3354 406 3416; x_wconf 87' lang='lat' dir='ltr'>vario</span> <span class='ocrx_word' id='word_1_169' title='bbox 420 3353 569 3435; x_wconf 81' lang='lat' dir='ltr'>distinguit</span> <span class='ocrx_word' id='word_1_170' title='bbox 583 3374 672 3436; x_wconf 90' lang='lat' dir='ltr'>poma</span> <span class='ocrx_word' id='word_1_171' title='bbox 686 3356 796 3430; x_wconf 85' lang='lat' dir='ltr'>colore,</span> 
     </span>
     <span class='ocr_line' id='line_1_29' title="bbox 141 3450 775 3534; baseline -0.003 -20"><span class='ocrx_word' id='word_1_172' title='bbox 141 3450 256 3515; x_wconf 85' lang='lat' dir='ltr'>Audiat</span> <span class='ocrx_word' id='word_1_173' title='bbox 271 3451 329 3514; x_wconf 91' lang='lat' dir='ltr'>hoe</span> <span class='ocrx_word' id='word_1_174' title='bbox 341 3472 478 3527; x_wconf 84' lang='lat' dir='ltr'>cerasus3</span> <span class='ocrx_word' id='word_1_175' title='bbox 500 3451 590 3534; x_wconf 91' lang='lat' dir='ltr'>stipes</span> <span class='ocrx_word' id='word_1_176' title='bbox 603 3452 696 3514; x_wconf 82' lang='lat' dir='ltr'>inanis</span> <span class='ocrx_word' id='word_1_177' title='bbox 710 3451 775 3513; x_wconf 88' lang='lat' dir='ltr'>erit.</span> 
     </span>
    </p>
   </div>
   <div class='ocr_carea' id='block_1_3' title="bbox 0 0 1182 4110">
    <p class='ocr_par' dir='ltr' id='par_1_3' title="bbox 0 0 1182 4110">
     <span class='ocr_line' id='line_1_30' title="bbox 0 0 1182 4110; baseline 0 2"><span class='ocrx_word' id='word_1_178' title='bbox 0 0 1182 4110; x_wconf 95' lang='lat' dir='ltr'> </span> 
     </span>
    </p>
   </div>
  </div>
 </body>
</html>
