2356 4110
419 309 769 360 METAMORPHOSEON

308 603 511 646 mosenum.
531 605 552 645 A
573 604 723 646 PLUTONE
745 604 862 645 RAPTA·

525 799 556 840 v.
571 781 645 842 341,

140 949 241 1012 Prima
256 948 350 1012 Ceres
364 971 443 1012 unco
458 950 576 1032 glebam
591 949 712 1011 dimovit
727 963 838 1010 aratro:

98 1047 199 1110 Prima
214 1048 294 1110 dedit
309 1046 417 1130 fruges,
433 1048 630 1129 alimentaque
646 1046 726 1108 mitia
741 1047 841 1108 terris:
1017 1049 1076 1109 180

98 1144 200 1207 Prima
215 1146 296 1208 dedit
310 1147 402 1228 leges·
447 1144 566 1207 Cereris
581 1166 681 1206 sumus
696 1145 794 1206 omnia
808 1166 927 1206 munus.

98 1242 153 1304 llla
167 1243 300 1305 canenda
315 1243 387 1305 mihi
403 1255 458 1303 est.
503 1240 626 1303 Utinam
642 1241 731 1303 modd
747 1242 844 1303 dicere
860 1264 982 1324 possem

99 1340 240 1403 Carmina
254 1341 341 1421 digna
356 1339 435 1402 deae!
458 1340 538 1401 certe
554 1339 610 1400 dea
624 1339 752 1401 carmine
768 1340 855 1422 digna
869 1353 927 1402 est.

142 1437 236 1500 Vasta
249 1437 392 1520 giganteis
407 1438 521 1518 ingesta
535 1451 580 1499 est
594 1438 688 1499 insula
702 1438 840 1500 membris

98 1534 265 1612 Trinacris;
287 1549 316 1597 et
331 1535 444 1618 magnis
458 1535 624 1620 subjectum
638 1535 763 1597 molibus
778 1549 883 1616 urguet
1017 1538 1076 1599 185

101 1633 248 1695 AEtherias
264 1655 367 1695 ausum
381 1655 497 1716 sperare
512 1632 663 1716 Typho'e'a
677 1633 774 1694 sedes

100 1730 211 1793 Nititur
224 1731 273 1793 ille
289 1731 423 1814 quidem,
435 1744 605 1814 pugnatque
621 1750 776 1812 resurgere
787 1752 884 1814 saepe:

99 1827 217 1891 Dextra
233 1829 285 1890 sed
301 1829 434 1891 Ausonio
448 1850 552 1891 manus
567 1842 612 1890 est
626 1827 757 1912 subjecta
775 1828 904 1891 Peloro:

99 1927 202 2004 Laeva,
218 1927 374 2012 Pachyno,
388 1927 459 2005 tibi3
481 1927 604 1990 Lilibaeo
619 1948 703 1988 crura
718 1940 909 2008 premuntur:

100 2024 252 2107 Degravat
267 2025 360 2087 AEtna
374 2040 479 2109 caput:
503 2025 557 2086 sub
574 2024 632 2107 qud
646 2025 800 2107 resupinus
814 2046 917 2086 arenas
1015 2028 1079 2089 190

100 2123 230 2207 Ejeotat,
246 2123 455 2206 flammamque
470 2123 532 2185 fero
548 2123 639 2184 vomit
652 2143 704 2184 ore
718 2121 897 2207 Typhoeus.

100 2221 187 2303 Saepe
202 2220 330 2281 remoliri
343 2221 470 2281 luctatur
483 2220 615 2303 pondera
628 2232 721 2296 terrae,

100 2316 291 2401 Oppidaque,
307 2331 337 2378 et
351 2339 472 2400 magnos
488 2318 624 2380 evolvere
639 2338 763 2400 corpore
777 2331 905 2380 montes.

99 2416 173 2478 lnde
189 2415 286 2477 tremit
301 2415 403 2478 tellus:
427 2429 458 2478 et
472 2437 527 2477 rex
541 2429 631 2497 pavet
646 2415 709 2497 ipse
724 2414 872 2476 silentum.

100 2512 149 2575 Ne
164 2526 273 2596 pateat,
289 2514 407 2596 latoque
422 2513 516 2575 solum
530 2526 677 2593 retegatur
698 2512 780 2574 hiatu
789 2534 800 2588 3
1017 2515 1079 2576 195

100 2611 310 2695 lmmissusque
325 2611 388 2672 dies
402 2611 583 2693 trepidantes
598 2624 706 2672 terreat
719 2611 848 2672 umbras.

101 2707 189 2772 Hanc
202 2723 338 2771 metuens
352 2709 468 2771 cladem
483 2707 638 2770 tenebrosa
652 2709 723 2770 sede
738 2723 880 2791 tyrannus

101 2807 242 2870 Exierat:
266 2830 410 2892 curruque
426 2821 554 2869 atrorum
570 2822 673 2868 vectus
689 2828 832 2890 equorum

101 2906 243 2967 Ambibat
258 2906 363 2968 Siculae
378 2921 481 2969 cautus
496 2905 665 2968 fundamina
683 2919 776 2981 terrae,

101 3001 266 3084 Postquam
283 3005 468 3084 exploratum
482 3003 551 3065 satis
567 3017 613 3065 est
626 3005 691 3065 loca
704 3002 784 3064 nulla
798 3002 917 3078 labare3
1014 3005 1081 3065 200

102 3099 299 3183 Depositique
314 3113 428 3161 metus:
452 3100 532 3161 videt
547 3102 625 3162 hunc
646 3100 777 3181 Erycina
792 3113 949 3181 vagantem

102 3199 207 3263 Monte
223 3218 277 3259 suo
291 3196 430 3273 residem,
445 3210 604 3279 natumque
621 3198 760 3280 amplexa
779 3197 948 3273 volucrem3

103 3301 226 3376 ‘Arma,
242 3315 405 3379 manusque
420 3315 508 3370 meae,
523 3315 600 3370 mea,
616 3310 697 3371 nate,
712 3295 863 3377 potentia‚'
880 3295 965 3391 dixit,

104 3395 185 3473 ‘Illa,
202 3396 306 3480 quibus
320 3413 441 3476 superas
456 3412 568 3467 omnes,
584 3413 658 3475 cape
674 3395 743 3469 tela,
759 3392 891 3475 Cupido,

103 3493 198 3576 Inque
213 3493 261 3555 dei
276 3505 380 3575 pectus
394 3489 506 3552 celeres
521 3489 624 3550 molire
639 3490 769 3571 sagittas,
1015 3494 1082 3555 205
