2356 4110
93 319 166 381 178·
449 331 534 394 nux,
555 330 700 381 auratam.¹

90 483 134 544 At
147 482 247 558 rubus,
262 496 292 543 et
306 495 404 543 sentes
418 480 623 543 tantummodo
637 480 743 544 laedere
758 496 847 563 uate,
1026 492 1070 552 95

132 578 283 662 Spinaque
299 576 427 639 vindiotri
440 592 545 640 oaetera
559 590 622 640 tuta
636 578 691 640 suia
707 593 762 656 est,

91 673 156 752 Me,
172 678 240 759 quia
254 696 310 737 neo
325 696 430 751 noceo,
444 696 501 737 neo
515 676 637 737 obuncis
651 675 782 740 vindicor
795 677 904 756 hamis,

131 772 224 834 Missa
239 786 342 856 petunt
356 772 444 835 avidi
457 793 530 835 saxa
544 786 680 856 proterva
693 796 793 836 mauu.

90 869 185 946 Quid,
201 871 225 931 si
239 891 299 931 non
313 883 396 953 aptas
411 871 504 932 solem
518 869 694 951 fugientibus
709 871 839 950 umbras,

132 966 268 1029 Finditur
282 967 375 1030 Icario
389 969 459 1029 oiim
472 989 546 1029 cane
561 982 646 1044 terra,
662 968 784 1032 darem?
1004 977 1065 1037 100

92 1062 186 1141 Quid,
201 1065 255 1126 nisi
270 1065 426 1146 suffugium
441 1065 555 1126 nimbos
571 1065 728 1127 vitantibus
743 1086 862 1145 essem;

134 1161 205 1224 Non
219 1162 393 1245 exspectati
406 1162 475 1224 oiim
491 1163 570 1224 venit
584 1163 678 1224 imber
692 1163 790 1246 aquai?

91 1258 202 1321 Omnia
215 1259 284 1321 oiim
299 1258 414 1335 saciam,
429 1259 498 1320 cllm
513 1273 647 1341 praestem
661 1259 764 1323 sedula
777 1262 893 1324 cunetis

134 1355 286 1432 Officium,
301 1356 379 1417 saxis
394 1356 524 1418 officiosa
538 1371 634 1438 petor.

92 1449 167 1513 Haec
181 1452 253 1512 mihi
267 1473 424 1535 perpessae,
440 1452 548 1514 domini
563 1454 701 1536 patienda
715 1456 835 1538 querela
850 1470 906 1519 est.
1005 1462 1062 1521 105

135 1546 235 1611 Causa
249 1550 369 1626 habeor,
385 1570 474 1632 quare
489 1550 525 1611 sit
539 1550 688 1633 lapidosus
703 1572 784 1633 ager.

92 1645 234 1730 Dumque
248 1662 386 1731 repurgat
401 1648 533 1724 humum,
548 1648 732 1732 collectaque
746 1670 819 1712 saxa
832 1651 967 1730 remittit,

134 1744 261 1827 Semper
276 1744 385 1807 habeut
398 1745 428 1806 in
442 1764 491 1805 me
505 1745 564 1806 tela
582 1758 684 1828 parata
701 1746 763 1809 viae.

92 1840 173 1923 Ergo
188 1842 280 1904 invisa
294 1842 366 1918 aliis,
382 1841 432 1903 uni
446 1841 517 1903 mihi
531 1841 636 1923 frigora
650 1857 792 1926 prosunt:

134 1938 189 2004 lllo
203 1962 252 2001 mo
266 1952 360 2003 tutam
374 1953 507 2023 tempore
522 1952 639 2022 praestat
654 1940 759 2003 hiems.
1005 1946 1065 2006 110

92 2033 182 2098 Nuda
197 2037 315 2120 quidem
328 2057 400 2098 tuno
414 2056 498 2112 sum;
520 2037 628 2098 nudam
644 2049 743 2099 tamen
757 2037 879 2122 expedit
893 2058 978 2102 esse:

135 2131 201 2194 Nec
215 2133 341 2215 spuliunr
356 2133 394 2193 de
409 2153 468 2209 me,
484 2133 562 2215 quod
579 2146 669 2216 potat,
685 2134 775 2198 hostis
789 2135 890 2198 habet.

91 2226 135 2289 At
149 2229 236 2290 simul
249 2229 396 2289 induimus
411 2229 515 2289 nostris
528 2251 582 2290 sua
595 2248 717 2292 munera
731 2233 836 2308 ramis3

135 2324 214 2387 Saxa
228 2346 321 2386 novos
336 2324 445 2386 fructus
460 2325 598 2406 grandine
613 2325 697 2408 plura
712 2339 827 2409 petunt.

92 2421 226 2484 Forsitan
241 2422 290 2484 hio
306 2421 408 2505 aliquis
423 2421 511 2497 dioat,
527 2420 627 2494 ‘Qua
640 2422 758 2505 publiea
772 2436 906 2507 tangunt,
1003 2429 1063 2491 115

134 2518 267 2601 Carpere
282 2538 455 2579 conoessum
470 2531 531 2579 est:
555 2518 611 2580 hoo
627 2519 673 2581 via
683 2519 757 2604 juris
772 2520 885 2585 habet!
930 2557 933 2562 ·

92 2614 124 2677 Si
137 2616 207 2676 licet
222 2617 297 2691 hoc;
319 2615 398 2676 oleas
413 2614 590 2696 distringite:
613 2617 715 2679 oaedite
729 2638 852 2682 messes.

133 2711 282 2795 Improbe,
297 2713 425 2794 vioiuum
437 2732 537 2794 carpe,
554 2712 655 2790 viator,
670 2715 744 2776 olus.

92 2808 184 2871 intret
199 2824 229 2872 et
243 2811 367 2873 urbanas
383 2811 488 2873 eadem
502 2811 665 2894 petulantia
678 2825 776 2894 portas
785 2833 794 2890 3

134 2907 237 2988 Sitque
251 2908 308 2968 tuis
322 2909 421 2986 muris,
436 2907 577 2984 Romule,
587 2906 659 2991 juris
675 2908 764 2970 idem.
1002 2914 1064 2976 120

92 3001 227 3074 Quilibet
242 3017 393 3083 argentum
408 3007 507 3087 primae
523 3006 561 3066 de
576 3005 670 3067 fronte
686 3007 811 3069 tabemae

134 3097 253 3160 Tollat:
278 3111 307 3159 et
322 3100 359 3160 ad
374 3114 505 3180 gemmas
520 3103 641 3184 quilibet
656 3103 728 3165 alter
741 3115 799 3166 eat

91 3195 216 3258 Auferat
230 3194 278 3256 hio
293 3215 405 3271 aurum,
421 3199 588 3278 peregrinos
603 3200 651 3261 ille
666 3200 797 3283 lapillos;

134 3293 176 3354 Et
191 3312 380 3376 quascunque
393 3305 491 3375 potest
507 3307 636 3375 tangere,
651 3298 733 3360 tollat
747 3317 831 3380 opes.

16 3381 263 3527 ffdn'eque
280 3390 435 3469 tolluntur:
459 3410 526 3467 neo,
541 3391 612 3452 dum
625 3395 699 3475 regit
712 3394 811 3458 omnia
825 3391 939 3474 Cesar,
1003 3396 1064 3458 125

42 3500 65 3569 ,ζ
91 3519 113 3541 a·
133 3485 309 3564 Incolumis,
317 3501 397 3551 tanto
413 3486 544 3570 praeside,
557 3503 657 3572 raptor
670 3491 734 3553 orit.

9 3537 100 3624 ‚eff

6 3606 26 3633 ,Α
303 3626 307 3634 ι

41 3681 51 3692 ι
