2356 4110
485 365 592 415 crona
611 365 631 412 1.
1000 362 1036 422 ll

48 518 219 604 lndejecta
232 517 313 579 malo
321 537 332 594 3
353 513 471 578 culmen
486 528 585 577 tamen
602 515 685 577 altior
699 514 807 598 hujus,

51 617 154 680 Unda
169 616 256 698 tegit,
271 635 438 699 pressaeque
452 613 551 675 labant
564 615 619 674 sub
633 614 747 695 gurgite
762 618 865 674 turres.
977 617 1040 678 290

101 714 238 799 Jamque
253 734 335 774 mare
351 726 381 774 et
395 712 481 774 tellus
496 712 609 776 nullum
623 710 777 773 discrimen
792 711 950 774 habebant.

55 812 178 875 Omnia
191 824 300 894 pontus
312 786 408 872 ierant.
453 809 587 871 Deerant
601 831 717 894 quoque
733 810 828 871 littora
842 823 945 892 ponto.
981 850 988 869 ·.

55 910 207 994 Occupat
222 910 270 972 hic
283 910 407 972 collem:
430 908 540 991 cymba
552 908 636 969 sedet
650 909 723 970 alter
737 907 862 985 adunci,

58 1009 106 1072 Et
122 1008 207 1097 ducit
221 1026 316 1069 remos
331 1006 401 1095 iliic,
415 1007 466 1068 ubi
480 1027 574 1089 nuper
588 990 692 1067 ardrat.

58 1106 121 1170 Ille
137 1127 228 1188 supra
240 1118 366 1187 segetes,
382 1117 432 1167 aut
446 1125 547 1166 mersae
561 1104 689 1166 eulmina
704 1103 778 1164 villa
978 1106 1040 1167 295

60 1203 216 1290 Navigat:
239 1203 287 1264 hic
301 1201 418 1264 summai
431 1198 544 1284 piscem
558 1201 713 1284 deprendit
727 1201 755 1263 in
772 1201 862 1263 ulmo.
960 1240 969 1254 ·

60 1300 186 1382 Figitur
199 1300 229 1361 in
242 1299 326 1362 viridi
343 1298 381 1385 (si
395 1298 455 1361 fors
467 1297 547 1383 tulit)
565 1300 692 1361 anchora
706 1312 806 1383 prato:

61 1400 133 1462 Aut
149 1396 280 1485 subjecta
292 1405 391 1460 terunt
404 1418 500 1459 curvae
515 1397 613 1460 vineta
628 1397 742 1459 carina.

62 1497 120 1574 Et,
137 1495 227 1557 modd
242 1495 308 1581 qud,
315 1495 437 1578 graciles
452 1517 572 1577 gramen
586 1494 721 1578 carpsere
735 1495 866 1579 capelle,

62 1594 96 1658 N
98 1615 162 1656 unc
175 1593 216 1655 ibi
230 1592 375 1655 deformes
390 1607 504 1677 ponunt
517 1615 570 1655 sua
584 1615 707 1677 corpora
720 1592 872 1732 phoca*

63 1692 217 1755 Mirantur
229 1691 283 1753 sub
298 1690 375 1776 aqud
388 1691 481 1768 lucos,
496 1692 651 1775 urbesque,
667 1691 829 1774 domosque

65 1789 236 1853 Nereides:
260 1791 405 1874 silvasque
419 1776 526 1853 tenent¹
537 1790 700 1874 delphines
715 1804 746 1852 et
760 1789 825 1851 altis

66 1887 225 1953 Incursant
238 1889 335 1966 ramiS,
349 1889 516 1972 agitataque
531 1889 635 1963 robora
649 1872 775 1970 pulsant.

65 1987 132 2050 Nat
147 1987 233 2070 lupus
248 1987 322 2048 inter
336 2008 423 2049 oves:
446 1986 542 2048 fulvos
557 1984 639 2046 vchit
653 1984 732 2045 unda
745 1984 863 2045 leones:

64 2085 162 2148 Unda
175 2084 256 2146 vehit
270 2085 375 2166 tigres:
397 2105 454 2146 nec
465 2082 545 2145 ¹vires
559 2082 687 2143 fulminis
707 2102 788 2164 apro,

67 2183 168 2247 Crura
181 2204 238 2245 nec
253 2183 349 2245 ablato
362 2197 484 2266 prosunt
498 2181 612 2243 velocia
626 2202 726 2243 cervo.

68 2281 270 2364 Quaesitisque
286 2277 340 2343 diu'
351 2280 443 2356 terris,
457 2279 508 2341 ubi
523 2278 618 2340 sidere
633 2276 729 2355 detur,

66 2378 103 2441 ln
118 2400 202 2440 mare
215 2377 327 2440 lassatis
342 2376 468 2440 volucris
483 2398 557 2458 vaga
572 2376 680 2438 decidit
695 2377 757 2438 alis.

67 2477 218 2538 Obruerat
232 2476 358 2539 tumulos
372 2475 515 2539 immensa
528 2473 646 2539 licentia
659 2474 752 2557 ponti,

66 2573 292 2657 Pulsabantque
307 2573 376 2636 novi
390 2586 530 2636 montana
543 2573 697 2636 cacumina
711 2572 827 2635 fluctus.

66 2671 209 2733 Maxima
222 2693 288 2755 pars
302 2671 383 2735 undd
395 2670 522 2754 rapitur:
546 2671 650 2754 quibus
664 2672 743 2732 unda
756 2668 902 2753 pepercit,

67 2768 141 2831 Illos
154 2768 243 2850 longa
257 2769 376 2831 domant
390 2769 470 2852 inopi
485 2767 598 2852 jejunia
611 2768 702 2830 victu.

12 2928 18 2937 ,
111 2864 241 2948 Separat
254 2867 368 2929 Aonios
381 2867 492 2930 Acteis
506 2866 617 2929 Phocis
632 2867 668 2928 ab
683 2865 768 2940 arvis,

67 2963 167 3025 Terra
181 2961 273 3041 serax,
288 2964 358 3026 dum
374 2978 449 3026 terra
463 2964 535 3042 fuit3
558 2962 611 3027 sed
625 2976 758 3045 tempore
773 2960 802 3022 in
817 2960 868 3022 illo

66 3061 145 3124 Pars
158 3062 256 3140 maria,
271 3063 391 3125 otiatus
405 3063 565 3125 subitarum
579 3082 701 3145 campus
715 3081 866 3144 aquarum.

66 3159 160 3222 Mons
175 3160 214 3223 ibi
229 3161 385 3223 verticibus
400 3161 474 3244 petit
489 3162 595 3222 arduus
611 3173 687 3222 astra
701 3159 824 3236 duobus,

65 3257 201 3323 Nomine
215 3254 582 3342 Pamassus,''superatque
596 3257 750 3321 cacumine
765 3257 867 3319 nubes.

65 3355 130 3419 Hic
145 3355 196 3418 ubi
213 3355 382 3418 Deucalion
400 3354 483 3442 (nam
497 3371 602 3418 catera
616 3370 733 3425 texerat
747 3352 858 3439 aequor)

63 3454 148 3520 Cum
162 3470 301 3518 consorte
316 3455 372 3517 tori
387 3454 479 3539 parva
492 3469 554 3516 rute
572 3469 672 3518 vectus
687 3456 825 3528 adhaesit3

62 3554 236 3640 Corycidas
251 3553 410 3638 nymphas,
427 3568 456 3615 et
470 3554 588 3616 numina
602 3554 709 3616 montis
725 3552 854 3613 adorant.
