2356 4110
102 107 163 169 114
413 73 759 162 marnuoaruoaaou

98 264 195 328 Fama
209 276 302 340 tenet,
317 261 493 344 summique
507 260 631 322 domum
644 259 699 322 sibi
713 258 786 341 legit
797 258 829 321 in
844 272 930 322 arne:
1054 260 1076 324 5

98 361 330 444 Innumerosque
344 359 450 435 aditus,
466 379 501 420 ao
515 357 595 420 mille
610 356 753 420 foramina
765 355 852 420 tectis

100 458 233 535 Addidit,
248 471 278 520 et
293 456 379 520 nullis
392 455 509 519 inclusit
522 455 623 517 limina
637 454 738 538 portis.

98 555 197 620 Nocte
212 556 318 639 dieque
334 567 448 638 patant.
492 552 573 615 Tota
586 565 686 614 estex
701 572 771 614 aure
786 551 921 616 sonanti:

98 654 179 717 Tota
192 653 305 716 fremit:
330 670 477 736 vocesque
491 649 598 713 refert:
622 651 766 733 iteratque
782 648 862 734 quod
877 649 972 714 audit.

98 751 189 816 Nulla
204 752 287 836 quies
301 750 389 827 intus,
403 748 543 833 nullique
557 744 672 810 silentia
686 759 781 829 parte.
1037 751 1075 811 10

98 848 166 913 Neo
180 863 279 912 tamen
295 862 340 912 eat
353 848 474 923 clamor,
489 845 541 908 sed
556 866 653 928 parva
668 864 818 906 murmura
833 843 932 907 vonis:

98 946 209 1021 Qualia
224 947 261 1008 de
276 946 384 1029 pelagi,
399 945 423 1006 si
439 943 503 1027 quis
518 943 620 1026 procul
635 942 744 1019 audiat,
758 941 845 1004 undis

98 1043 175 1107 Esse
189 1045 301 1107 solent:
325 1042 480 1126 qualemve
495 1060 610 1116 sonum,
625 1039 694 1100 cum
708 1037 827 1122 Jupiter
841 1050 920 1102 atras

97 1140 248 1223 Increpuit
262 1139 367 1214 nubes,
381 1151 515 1200 extrema
530 1137 657 1198 tonitrua
670 1137 807 1199 reddunt.

98 1238 183 1300 Atria
197 1237 281 1299 turba
295 1249 414 1298 tenent:
438 1235 559 1296 veniunt
573 1233 641 1295 leve
657 1233 772 1316 vulgus,
786 1243 938 1318 euntque:
1036 1234 1073 1296 15

98 1333 254 1418 Mixtaque
268 1354 338 1396 cum
353 1333 429 1395 veris
443 1331 552 1416 passim
566 1345 735 1393 commenta
750 1343 895 1413 vagantur

98 1430 194 1494 Millia
207 1453 373 1494 rumorum:
396 1429 577 1512 confirsaque
592 1428 681 1490 rerba
696 1427 840 1490 volutant.

98 1529 128 1592 E
143 1530 248 1615 quibus
262 1530 293 1592 hi
307 1548 416 1591 vacuas
430 1528 554 1612 implent
568 1527 751 1589 sermonibus
766 1545 869 1588 aures:

98 1627 138 1692 Hi
154 1641 269 1691 narrata
283 1627 380 1690 serum
394 1626 468 1690 alid:
492 1646 688 1708 mensuraque
702 1625 762 1687 ficti

97 1727 233 1804 Crescit3
255 1740 285 1790 et
299 1726 405 1790 auditis
419 1724 527 1808 aliquid
542 1744 636 1786 novus
650 1721 750 1807 adjicit
763 1708 879 1786 auotorJ
1031 1723 1071 1786 20

97 1823 161 1888 Illic
177 1824 356 1901 Credulitas,
371 1823 430 1886 illio
445 1822 615 1885 temerarius
630 1819 730 1897 Error,

98 1919 243 2004 Vanaque
258 1921 373 1983 Laetitia
388 1932 443 1997 est,
457 1918 693 2001 consternatique
708 1916 857 1995 Timores,

97 2017 268 2102 Seditioque
283 2037 400 2100 repens,
415 2017 562 2100 dubioque
577 2029 695 2078 auctore
711 2014 839 2078 Susurri.

97 2115 166 2199 lpsa
181 2115 250 2199 quid
265 2115 294 2178 in
308 2115 386 2178 coelo
400 2136 508 2192 rerum,
522 2114 688 2197 pelagoque
702 2124 829 2195 geratur,

97 2211 139 2275 Et
153 2213 268 2292 tellure,
284 2213 374 2291 videt,
388 2227 542 2297 tommque
557 2210 846 2296 inquiritinorbem.
1029 2211 1070 2272 25
