2356 4110
162 299 222 362 180
416 321 423 342 ·
565 301 716 354 TRISTIA.

38 388 59 425 ι

159 455 190 519 Si
205 475 309 531 merui,
325 453 483 536 videorque
498 473 626 529 noeens;
648 451 789 536 imponite
804 450 944 531 damme,

202 551 367 635 Nostraque
382 550 501 613 fumosis
516 550 589 612 urite
604 550 737 612 membra
751 548 833 612 socie.
1066 546 1146 611 160

159 648 192 711 Si
208 649 309 723 merui,
325 648 483 731 videorque
498 667 627 723 nocens;
649 646 778 709 excidite
791 646 889 710 ferro:

201 743 243 808 Et
257 747 345 808 liceat
358 746 469 807 misere
484 745 614 807 dedecus
628 765 693 806 esse
708 745 812 806 semel.

160 841 192 905 Si
206 863 263 906 nec
276 865 328 905 cur
342 865 418 920 urar,
433 854 489 905 n'ec
503 863 556 903 cur
569 841 698 918 excidar‚
713 841 845 919 habetis3

201 939 329 1003 Parcite.
373 940 424 1003 Sic
437 953 571 1022 ooeptum
586 936 740 1022 perficiatis
755 937 821 1000 iter.

528 1289 769 1364 TRISTIA.

386 1472 523 1536 LIBER
552 1472 610 1536 lv.
661 1471 828 1537 ELEGIA
859 1472 904 1538 X,

411 1617 513 1658 GENUS
532 1618 617 1658 SUUM
631 1616 774 1658 nxrom'r
790 1616 882 1657 NASO.
936 1625 939 1630 ·

161 1715 238 1781 lunc
254 1738 320 1800 ego,
336 1717 384 1800 qui
400 1715 513 1794 fuerim,
528 1731 696 1779 tenerorum
710 1717 790 1778 lusor
802 1737 948 1795 amorum,

204 1812 307 1887 Quem
321 1813 405 1896 legis,
419 1827 451 1875 ut
465 1815 553 1890 nbris,
568 1814 682 1896 accipe,
697 1811 870 1875 Posterites.

162 1910 265 1973 Sulmo
280 1911 350 1973 mssri
364 1904 457 1994 patria
471 1919 525 1988 est,
541 1911 643 1992 gelidis
658 1910 819 1972 uberrimus
834 1909 932 1988 undis,

203 2007 299 2070 Millie
314 2009 362 2091 qui
378 2009 480 2070 novies
494 2008 580 2070 distat
594 2007 631 2069 ab
646 2005 728 2069 Urbe
745 2008 862 2070 decem.

163 2102 268 2166 Editus
284 2105 332 2165 hic
347 2127 403 2185 ego
416 2127 498 2166 sum:
521 2126 647 2181 necnon,
661 2116 695 2165 ut
709 2117 843 2187 tempora
856 2103 936 2166 nbris
950 2125 959 2181 ;
1111 2108 1130 2169 5

204 2200 284 2262 Cum
297 2201 403 2262 cecidit
417 2200 476 2263 sato
491 2199 605 2263 Consul
620 2214 743 2284 uterque
758 2200 831 2284 pari.

162 2296 193 2359 Si
209 2297 277 2381 quid
293 2297 322 2359 id
337 2311 391 2374 est,
408 2318 499 2380 usque
514 2320 532 2360 a
547 2297 662 2381 proavis
678 2312 761 2360 vetus
776 2297 884 2360 ordinis
899 2298 1012 2377 haeres;

204 2393 272 2456 Non
288 2393 377 2456 modo
391 2393 529 2457 Fortunae
544 2416 665 2456 munere
680 2393 772 2457 sactus
787 2416 889 2479 eques.

162 2490 228 2556 Nec
243 2491 328 2572 stirps
343 2491 435 2572 prima
451 2490 509 2568 sui3
531 2492 629 2573 genito
640 2491 703 2575 jam
718 2490 804 2554 botre
818 2505 954 2569 creatus3

29 2669 33 2676 .
51 2590 53 2594 ’
203 2584 267 2659 Qui
277 2587 371 2648 tribus
387 2588 454 2648 ante
471 2601 573 2671 quater
586 2589 735 2651 mensibus
749 2601 829 2651 ortus
844 2602 917 2652 erat.
1096 2593 1133 2653 10

55 2696 62 2713 ·
161 2682 282 2763 Lucifer
295 2684 447 2746 amborum
462 2685 604 2747 natalibus
619 2685 711 2748 adsuit
724 2687 822 2749 idem:

203 2780 273 2844 Una
287 2783 433 2845 celebrate
448 2797 492 2845 est
506 2803 560 2866 per
573 2782 632 2845 duo
646 2784 705 2845 liba
720 2784 792 2845 dies.

55 2877 60 2884 '
163 2878 237 2941 Haec
252 2894 295 2942 est
310 2880 447 2944 armiferae
465 2880 543 2944 sestis
559 2881 596 2943 de
612 2881 739 2964 quinque
755 2879 911 2957 Minerve,

204 2973 357 3045 Quae'fieri
371 2977 471 3058 pugni
485 2979 579 3059 prima
592 2990 713 3039 cruenta
726 2978 811 3040 solet,

162 3069 298 3132 Protinus
313 3073 475 3134 excolimur
489 3074 593 3150 teneri,
607 3074 736 3157 eurique
752 3074 879 3156 parentis
1097 3078 1135 3139 15

203 3166 283 3228 Imus
299 3167 335 3228 ad
351 3168 477 3248 insignes
491 3168 580 3234 Urbis
595 3172 632 3233 ab
646 3184 707 3232 arte
722 3172 808 3233 viros.

163 3251 322 3327 Frater'ad
333 3264 481 3348 eloquium
496 3267 578 3330 viridi
592 3269 732 3330 tendebat
747 3269 783 3330 ab
803 3290 877 3347 evo,

76 3390 92 3420 ·,
124 3359 128 3366 ’
168 3361 306 3444 'Fortia
321 3363 433 3424 verbosi
448 3377 533 3425 natus
547 3365 584 3426 ad
598 3385 679 3427 arma
692 3365 775 3428 Fori.

44 3473 49 3480 ·
64 3446 68 3451 ’
133 3472 151 3510 ⁰
163 3458 206 3519 At
220 3443 291 3521 midi
302 3458 364 3544 jam
379 3481 471 3543 puero
485 3461 617 3523 coelestia
631 3483 713 3524 sacra
728 3462 903 3545 placebunt3

204 3553 298 3637 inque
313 3577 399 3620 suum
412 3555 509 3621 furtim
525 3556 615 3622 Musa
629 3559 763 3622 trahebat
776 3580 862 3648 opus.
